@INPROCEEDINGS{edgeFB,
  author={C. {Wu} and D. {Brooks} and K. {Chen} and D. {Chen} and S. {Choudhury} and M. {Dukhan} and K. {Hazelwood} and E. {Isaac} and Y. {Jia} and B. {Jia} and T. {Leyvand} and H. {Lu} and Y. {Lu} and L. {Qiao} and B. {Reagen} and J. {Spisak} and F. {Sun} and A. {Tulloch} and P. {Vajda} and X. {Wang} and Y. {Wang} and B. {Wasti} and Y. {Wu} and R. {Xian} and S. {Yoo} and P. {Zhang}},
  booktitle={2019 IEEE International Symposium on High Performance Computer Architecture (HPCA)}, 
  title={Machine Learning at Facebook: Understanding Inference at the Edge}, 
  year={2019},
  volume={},
  number={},
  pages={331-344},
  doi={10.1109/HPCA.2019.00048}}

@article{Hinton06,
author = {Hinton, Geoffrey E. and Osindero, Simon and Teh, Yee Whye},
journal = {Neural Computation},
pages = {1527--1554},
title = {A Fast Learning Algorithm for Deep Belief Nets},
volume = {18},
year = {2006}
}



@article{pascanu2013number,
  title={On the number of response regions of deep feed forward networks with piece-wise linear activations},
  author={Pascanu, Razvan and Montufar, Guido and Bengio, Yoshua},
  journal={arXiv preprint arXiv:1312.6098},
  year={2013}
}

@inproceedings{montufar2014number,
  title={On the number of linear regions of deep neural networks},
  author={Montufar, Guido F and Pascanu, Razvan and Cho, Kyunghyun and Bengio, Yoshua},
  booktitle={Advances in neural information processing systems},
  pages={2924--2932},
  year={2014}
}

@inproceedings{hanin2019deep,
  title={Deep relu networks have surprisingly few activation patterns},
  author={Hanin, Boris and Rolnick, David},
  booktitle={Advances in Neural Information Processing Systems},
  pages={361--370},
  year={2019}
}

@article{zhu2020bounding,
  title={Bounding The Number of Linear Regions in Local Area for Neural Networks with ReLU Activations},
  author={Zhu, Rui and Lin, Bo and Tang, Haixu},
  journal={arXiv preprint arXiv:2007.06803},
  year={2020}
}

@article{daroczy2020tangent,
  title={Tangent Space Sensitivity and Distribution of Linear Regions in ReLU Networks},
  author={Dar{\'o}czy, B{\'a}lint},
  journal={arXiv preprint arXiv:2006.06780},
  year={2020}
}

@inproceedings{glorot2011deep,
  title={Deep sparse rectifier neural networks},
  author={Glorot, Xavier and Bordes, Antoine and Bengio, Yoshua},
  booktitle={Proceedings of the fourteenth international conference on artificial intelligence and statistics},
  pages={315--323},
  year={2011}
}

@inproceedings{zhao2018rethinking,
  title={Rethinking ReLU to train better CNNs},
  author={Zhao, Gangming and Zhang, Zhaoxiang and Guan, He and Tang, Peng and Wang, Jingdong},
  booktitle={2018 24th International Conference on Pattern Recognition (ICPR)},
  pages={603--608},
  year={2018},
  organization={IEEE}
}

@article{singla2019robustness,
  title={Robustness certificates against adversarial examples for relu networks},
  author={Singla, Sahil and Feizi, Soheil},
  journal={arXiv preprint arXiv:1902.01235},
  year={2019}
}

@inproceedings{hein2019relu,
  title={Why ReLU networks yield high-confidence predictions far away from the training data and how to mitigate the problem},
  author={Hein, Matthias and Andriushchenko, Maksym and Bitterwolf, Julian},
  booktitle={Proceedings of the IEEE Conference on Computer Vision and Pattern Recognition},
  pages={41--50},
  year={2019}
}

@article{yang2020boundary,
  title={Boundary thickness and robustness in learning models},
  author={Yang, Yaoqing and Khanna, Rajiv and Yu, Yaodong and Gholami, Amir and Keutzer, Kurt and Gonzalez, Joseph E and Ramchandran, Kannan and Mahoney, Michael W},
  journal={arXiv preprint arXiv:2007.05086},
  year={2020}
}

@article{kristiadi2020being,
  title={Being Bayesian, Even Just a Bit, Fixes Overconfidence in ReLU Networks},
  author={Kristiadi, Agustinus and Hein, Matthias and Hennig, Philipp},
  journal={arXiv preprint arXiv:2002.10118},
  year={2020}
}

@inproceedings{yun2019small,
  title={Small ReLU networks are powerful memorizers: a tight analysis of memorization capacity},
  author={Yun, Chulhee and Sra, Suvrit and Jadbabaie, Ali},
  booktitle={Advances in Neural Information Processing Systems},
  pages={15558--15569},
  year={2019}
}

@article{ergen2020training,
  title={Training Convolutional ReLU Neural Networks in Polynomial Time: Exact Convex Optimization Formulations},
  author={Ergen, Tolga and Pilanci, Mert},
  journal={arXiv preprint arXiv:2006.14798},
  year={2020}
}

@article{ma2020funnel,
  title={Funnel Activation for Visual Recognition},
  author={Ma, Ningning and Zhang, Xiangyu and Sun, Jian},
  journal={arXiv preprint arXiv:2007.11824},
  year={2020}
}

@article{chatziafratis2019depth,
  title={Depth-Width Trade-offs for ReLU Networks via Sharkovsky's Theorem},
  author={Chatziafratis, Vaggos and Nagarajan, Sai Ganesh and Panageas, Ioannis and Wang, Xiao},
  journal={arXiv preprint arXiv:1912.04378},
  year={2019}
}

@inproceedings{phuong2019functional,
  title={Functional vs. parametric equivalence of relu networks},
  author={Phuong, Mary and Lampert, Christoph H},
  booktitle={International Conference on Learning Representations},
  year={2019}
}

@inproceedings{raghu2017expressive,
  title={On the expressive power of deep neural networks},
  author={Raghu, Maithra and Poole, Ben and Kleinberg, Jon and Ganguli, Surya and Sohl-Dickstein, Jascha},
  booktitle={international conference on machine learning},
  pages={2847--2854},
  year={2017},
  organization={PMLR}
}

@inproceedings{serra2018bounding,
  title={Bounding and counting linear regions of deep neural networks},
  author={Serra, Thiago and Tjandraatmadja, Christian and Ramalingam, Srikumar},
  booktitle={International Conference on Machine Learning},
  pages={4558--4566},
  year={2018},
  organization={PMLR}
}

@article{telgarsky2015representation,
  title={Representation benefits of deep feedforward networks},
  author={Telgarsky, Matus},
  journal={arXiv preprint arXiv:1509.08101},
  year={2015}
}

@article{hanin2019complexity,
  title={Complexity of linear regions in deep networks},
  author={Hanin, Boris and Rolnick, David},
  journal={arXiv preprint arXiv:1901.09021},
  year={2019}
}

@inproceedings{krizhevsky2012imagenet,
  title={Imagenet classification with deep convolutional neural networks},
  author={Krizhevsky, Alex and Sutskever, Ilya and Hinton, Geoffrey E},
  booktitle={Advances in neural information processing systems},
  pages={1097--1105},
  year={2012}
}

@article{xu2015empirical,
  title={Empirical evaluation of rectified activations in convolutional network},
  author={Xu, Bing and Wang, Naiyan and Chen, Tianqi and Li, Mu},
  journal={arXiv preprint arXiv:1505.00853},
  year={2015}
}

@article{chen2020dynamic,
  title={Dynamic ReLU},
  author={Chen, Yinpeng and Dai, Xiyang and Liu, Mengchen and Chen, Dongdong and Yuan, Lu and Liu, Zicheng},
  journal={arXiv preprint arXiv:2003.10027},
  year={2020}
}

@inproceedings{maas2013rectifier,
  title={Rectifier nonlinearities improve neural network acoustic models},
  author={Maas, Andrew L and Hannun, Awni Y and Ng, Andrew Y},
  booktitle={Proc. icml},
  volume={30},
  pages={3},
  year={2013}
}

@inproceedings{he2015delving,
  title={Delving deep into rectifiers: Surpassing human-level performance on imagenet classification},
  author={He, Kaiming and Zhang, Xiangyu and Ren, Shaoqing and Sun, Jian},
  booktitle={Proceedings of the IEEE international conference on computer vision},
  pages={1026--1034},
  year={2015}
}

@inproceedings{shang2016understanding,
  title={Understanding and improving convolutional neural networks via concatenated rectified linear units},
  author={Shang, Wenling and Sohn, Kihyuk and Almeida, Diogo and Lee, Honglak},
  booktitle={international conference on machine learning},
  pages={2217--2225},
  year={2016}
}


@article{clevert2015fast,
  title={Fast and accurate deep network learning by exponential linear units (elus)},
  author={Clevert, Djork-Arn{\'e} and Unterthiner, Thomas and Hochreiter, Sepp},
  journal={arXiv preprint arXiv:1511.07289},
  year={2015}
}


@inproceedings{he2016deep,
  title={Deep residual learning for image recognition},
  author={He, Kaiming and Zhang, Xiangyu and Ren, Shaoqing and Sun, Jian},
  booktitle={Proceedings of the IEEE conference on computer vision and pattern recognition},
  pages={770--778},
  year={2016}
}

@article{zhang2019all,
  title={Are all layers created equal?},
  author={Zhang, Chiyuan and Bengio, Samy and Singer, Yoram},
  journal={arXiv preprint arXiv:1902.01996},
  year={2019}
}

@inproceedings{Zhang2020Empirical,
title={Empirical Studies on the Properties of Linear Regions in Deep Neural Networks},
author={Xiao Zhang and Dongrui Wu},
booktitle={ICLR},
year={2020},
}

@inproceedings{He2020Piecewise,
title={Piecewise linear activations substantially shape the loss surfaces of neural networks},
author={Fengxiang He and Bohan Wang and Dacheng Tao},
booktitle={ICLR},
year={2020},
}

@inproceedings{xiong2020number,
  title={On the Number of Linear Regions of Convolutional Neural Networks},
  author={Xiong, Huan and Huang, Lei and Yu, Mengyang and Liu, Li and Zhu, Fan and Shao, Ling},
  booktitle={international conference on machine learning},
  year={2020}
}

@inproceedings{gotmare2018a,
title={A Closer Look at Deep Learning Heuristics: Learning rate restarts, Warmup and Distillation},
author={Akhilesh Gotmare and Nitish Shirish Keskar and Caiming Xiong and Richard Socher},
booktitle={ICLR},
year={2019},
}


@article{mobahi2020self,
  title={Self-distillation amplifies regularization in hilbert space},
  author={Mobahi, Hossein and Farajtabar, Mehrdad and Bartlett, Peter L},
  journal={arXiv preprint arXiv:2002.05715},
  year={2020}
}

@article{tang2020understanding,
  title={Understanding and Improving Knowledge Distillation},
  author={Tang, Jiaxi and Shivanna, Rakesh and Zhao, Zhe and Lin, Dong and Singh, Anima and Chi, Ed H and Jain, Sagar},
  journal={arXiv preprint arXiv:2002.03532},
  year={2020}
}

@inproceedings{passalis2020heterogeneous,
  title={Heterogeneous Knowledge Distillation using Information Flow Modeling},
  author={Passalis, Nikolaos and Tzelepi, Maria and Tefas, Anastasios},
  booktitle={Proceedings of the IEEE/CVF Conference on Computer Vision and Pattern Recognition},
  pages={2339--2348},
  year={2020}
}

@inproceedings{liu2020search,
  title={Search to Distill: Pearls are Everywhere but not the Eyes},
  author={Liu, Yu and Jia, Xuhui and Tan, Mingxing and Vemulapalli, Raviteja and Zhu, Yukun and Green, Bradley and Wang, Xiaogang},
  booktitle={Proceedings of the IEEE/CVF Conference on Computer Vision and Pattern Recognition},
  pages={7539--7548},
  year={2020}
}

@inproceedings{ye2020distilling,
  title={Distilling Cross-Task Knowledge via Relationship Matching},
  author={Ye, Han-Jia and Lu, Su and Zhan, De-Chuan},
  booktitle={Proceedings of the IEEE/CVF Conference on Computer Vision and Pattern Recognition},
  pages={12396--12405},
  year={2020}
}

@inproceedings{yan2020clusterfit,
  title={ClusterFit: Improving Generalization of Visual Representations},
  author={Yan, Xueting and Misra, Ishan and Gupta, Abhinav and Ghadiyaram, Deepti and Mahajan, Dhruv},
  booktitle={Proceedings of the IEEE/CVF Conference on Computer Vision and Pattern Recognition},
  pages={6509--6518},
  year={2020}
}

@article{montufar2017notes,
  title={Notes on the number of linear regions of deep neural networks},
  author={Mont{\'u}far, Guido},
  journal={Sampling Theory Appl., Tallinn, Estonia, Tech. Rep},
  year={2017}
}

@inproceedings{arora2018understanding,
title={Understanding Deep Neural Networks with Rectified Linear Units},
author={Raman Arora and Amitabh Basu and Poorya Mianjy and Anirbit Mukherjee},
booktitle={ICLR},
year={2018},
}

@inproceedings{Islam2020How,
title={How much Position Information Do Convolutional Neural Networks Encode?},
author={Md Amirul Islam* and Sen Jia* and Neil D. B. Bruce},
booktitle={ICLR},
year={2020},
}

@inproceedings{yu2018deep,
  title={Deep layer aggregation},
  author={Yu, Fisher and Wang, Dequan and Shelhamer, Evan and Darrell, Trevor},
  booktitle={Proceedings of the IEEE conference on computer vision and pattern recognition},
  pages={2403--2412},
  year={2018}
}

@article{ghodsi2020cryptonas,
  title={{CryptoNAS}: Private Inference on a ReLU Budget},
  author={Ghodsi, Zahra and Veldanda, Akshaj Kumar and Reagen, Brandon and Garg, Siddharth},
  journal={Advances in Neural Information Processing Systems},
  year={2020}
}



@inproceedings{mishra2020delphi,
  title={{DELPHI}: A cryptographic inference service for neural networks},
  author={Mishra, Pratyush and Lehmkuhl, Ryan and Srinivasan, Akshayaram and Zheng, Wenting and Popa, Raluca Ada},
  booktitle={29th {USENIX} Security Symposium ({USENIX} Security 20)},
  year={2020}
}

@inproceedings{tan2019efficientnet,
  title={Efficientnet: Rethinking model scaling for convolutional neural networks},
  author={Tan, Mingxing and Le, Quoc},
  booktitle={International Conference on Machine Learning},
  pages={6105--6114},
  year={2019},
  organization={PMLR}
}
@article{howard2017mobilenets,
  title={Mobilenets: Efficient convolutional neural networks for mobile vision applications},
  author={Howard, Andrew G and Zhu, Menglong and Chen, Bo and Kalenichenko, Dmitry and Wang, Weijun and Weyand, Tobias and Andreetto, Marco and Adam, Hartwig},
  journal={arXiv preprint arXiv:1704.04861},
  year={2017}
}

@article{simonyan2014very,
  title={Very deep convolutional networks for large-scale image recognition},
  author={Simonyan, Karen and Zisserman, Andrew},
  journal={arXiv preprint arXiv:1409.1556},
  year={2014}
}

@inproceedings{huang2017densely,
  title={Densely connected convolutional networks},
  author={Huang, Gao and Liu, Zhuang and Van Der Maaten, Laurens and Weinberger, Kilian Q},
  booktitle={Proceedings of the IEEE conference on computer vision and pattern recognition},
  pages={4700--4708},
  year={2017}
}

@inproceedings{xie2017aggregated,
  title={Aggregated residual transformations for deep neural networks},
  author={Xie, Saining and Girshick, Ross and Doll{\'a}r, Piotr and Tu, Zhuowen and He, Kaiming},
  booktitle={Proceedings of the IEEE conference on computer vision and pattern recognition},
  pages={1492--1500},
  year={2017}
}

@article{hinton2015distilling,
  title={Distilling the knowledge in a neural network},
  author={Hinton, Geoffrey and Vinyals, Oriol and Dean, Jeff},
  journal={arXiv preprint arXiv:1503.02531},
  year={2015}
}

@inproceedings{cho2019efficacy,
  title={On the efficacy of knowledge distillation},
  author={Cho, Jang Hyun and Hariharan, Bharath},
  booktitle={Proceedings of the IEEE International Conference on Computer Vision},
  pages={4794--4802},
  year={2019}
}


@article{2012KrizhevskyCIFAR,
title= {{CIFAR}-100 (Canadian Institute for Advanced Research)},
journal= {},
author= {Alex Krizhevsky and Vinod Nair and Geoffrey Hinton},
year= {2012},
url= {http://www.cs.toronto.edu/~kriz/cifar.html}
}

@article{le2015tiny,
  title={Tiny imagenet visual recognition challenge},
  author={Le, Ya and Yang, Xuan},
  journal={CS 231N},
  volume={7},
  year={2015}
}

@article{yao2015tiny,
  title={Tiny imagenet classification with convolutional neural networks},
  author={Yao, Leon and Miller, John},
  journal={CS 231N},
  volume={2},
  number={5},
  pages={8},
  year={2015}
}


@inproceedings{juvekar2018gazelle,
  title={GAZELLE: A Low Latency Framework for Secure Neural Network Inference},
  author={Juvekar, Chiraag and Vaikuntanathan, Vinod and Chandrakasan, Anantha},
  booktitle={27th {USENIX} Security Symposium (USENIX Security 18)},
  pages={1651--1669},
  year={2018}
}

@inproceedings{br2020cheetah,
  author    = {Brandon Reagen and
               Wooseok Choi and
               Yeongil Ko and
               Vincent T. Lee and
               Hsien{-}Hsin S. Lee and
               Gu{-}Yeon Wei and
               David Brooks},
  title     = {Cheetah: Optimizing and Accelerating Homomorphic Encryption for Private
               Inference},
  booktitle = {{IEEE} International Symposium on High-Performance Computer Architecture,
               {HPCA}},
  pages     = {26--39},
  year      = {2021},
  }
 

%minionn
@inproceedings{liu2017oblivious,
  title={Oblivious neural network predictions via minionn transformations},
  author={Liu, Jian and Juuti, Mika and Lu, Yao and Asokan, N},
  booktitle={Proceedings of the 2017 ACM SIGSAC Conference on Computer and Communications Security},
  pages={619--631},
  year={2017},
}



@inproceedings{gilad2016cryptonets,
  title={Cryptonets: Applying neural networks to encrypted data with high throughput and accuracy},
  author={Gilad-Bachrach, Ran and Dowlin, Nathan and Laine, Kim and Lauter, Kristin and Naehrig, Michael and Wernsing, John},
  booktitle={International Conference on Machine Learning},
  pages={201--210},
  year={2016}
}


@misc{hipaa,
title={Health insurance portability and accountability act of 1996},
  author={Act, Accountability},
  journal={Public law},
  volume={104},
  pages={191},
  year={1996}
}


@article{gdpr,
  title={Regulation EU 2016/679 of the European Parliament and of the Council of 27 April 2016},
  author={Regulation, General Data Protection},
  journal={Official Journal of the European Union.},
  year={2016}
}

@inproceedings{gao2018channelnets,
  title={Channelnets: Compact and efficient convolutional neural networks via channel-wise convolutions},
  author={Gao, Hongyang and Wang, Zhengyang and Ji, Shuiwang},
  booktitle={Advances in Neural Information Processing Systems},
  pages={5197--5205},
  year={2018}
}

@inproceedings{szegedy2016rethinking,
  title={Rethinking the inception architecture for computer vision},
  author={Szegedy, Christian and Vanhoucke, Vincent and Ioffe, Sergey and Shlens, Jon and Wojna, Zbigniew},
  booktitle={Proceedings of the IEEE conference on computer vision and pattern recognition},
  pages={2818--2826},
  year={2016}
}

@inproceedings{sandler2018mobilenetv2,
  title={Mobilenetv2: Inverted residuals and linear bottlenecks},
  author={Sandler, Mark and Howard, Andrew and Zhu, Menglong and Zhmoginov, Andrey and Chen, Liang-Chieh},
  booktitle={Proceedings of the IEEE conference on computer vision and pattern recognition},
  pages={4510--4520},
  year={2018}
}

@inproceedings{gholami2018squeezenext,
  title={Squeezenext: Hardware-aware neural network design},
  author={Gholami, Amir and Kwon, Kiseok and Wu, Bichen and Tai, Zizheng and Yue, Xiangyu and Jin, Peter and Zhao, Sicheng and Keutzer, Kurt},
  booktitle={Proceedings of the IEEE Conference on Computer Vision and Pattern Recognition Workshops},
  pages={1638--1647},
  year={2018}
}

@inproceedings{szegedy2015going,
  title={Going deeper with convolutions},
  author={Szegedy, Christian and Liu, Wei and Jia, Yangqing and Sermanet, Pierre and Reed, Scott and Anguelov, Dragomir and Erhan, Dumitru and Vanhoucke, Vincent and Rabinovich, Andrew},
  booktitle={Proceedings of the IEEE conference on computer vision and pattern recognition},
  pages={1--9},
  year={2015}
}

@inproceedings{yuan2020revisiting,
  title={Revisiting Knowledge Distillation via Label Smoothing Regularization},
  author={Yuan, Li and Tay, Francis EH and Li, Guilin and Wang, Tao and Feng, Jiashi},
  booktitle={Proceedings of the IEEE/CVF Conference on Computer Vision and Pattern Recognition},
  pages={3903--3911},
  year={2020}
}

@inproceedings{cheng2020explaining,
  title={Explaining Knowledge Distillation by Quantifying the Knowledge},
  author={Cheng, Xu and Rao, Zhefan and Chen, Yilan and Zhang, Quanshi},
  booktitle={Proceedings of the IEEE/CVF Conference on Computer Vision and Pattern Recognition},
  pages={12925--12935},
  year={2020}
}

@article{dai2008translated,
  title={Translated learning: Transfer learning across different feature spaces},
  author={Dai, Wenyuan and Chen, Yuqiang and Xue, Gui-Rong and Yang, Qiang and Yu, Yong},
  journal={Advances in neural information processing systems},
  volume={21},
  pages={353--360},
  year={2008}
}

@article{shin2016deep,
  title={Deep convolutional neural networks for computer-aided detection: CNN architectures, dataset characteristics and transfer learning},
  author={Shin, Hoo-Chang and Roth, Holger R and Gao, Mingchen and Lu, Le and Xu, Ziyue and Nogues, Isabella and Yao, Jianhua and Mollura, Daniel and Summers, Ronald M},
  journal={IEEE transactions on medical imaging},
  volume={35},
  number={5},
  pages={1285--1298},
  year={2016},
  publisher={IEEE}
}

@incollection{NIPS_2018_A2NET,
title = {A\^{}2-Nets: Double Attention Networks},
author = {Chen, Yunpeng and Kalantidis, Yannis and Li, Jianshu and Yan, Shuicheng and Feng, Jiashi},
booktitle = {Advances in Neural Information Processing Systems 31},
pages = {352--361},
year = {2018},
}

@article{zagoruyko2016paying,
  title={Paying more attention to attention: Improving the performance of convolutional neural networks via attention transfer},
  author={Zagoruyko, Sergey and Komodakis, Nikos},
  journal={arXiv preprint arXiv:1612.03928},
  year={2016}
}

@article{han2015deep,
  title={Deep compression: Compressing deep neural networks with pruning, trained quantization and huffman coding},
  author={Han, Song and Mao, Huizi and Dally, William J},
  journal={arXiv preprint arXiv:1510.00149},
  year={2015}
}

@inproceedings{mao2017exploring,
  title={Exploring the granularity of sparsity in convolutional neural networks},
  author={Mao, Huizi and Han, Song and Pool, Jeff and Li, Wenshuo and Liu, Xingyu and Wang, Yu and Dally, William J},
  booktitle={Proceedings of the IEEE Conference on Computer Vision and Pattern Recognition Workshops},
  pages={13--20},
  year={2017}
}

@inproceedings{wang2019haq,
  title={Haq: Hardware-aware automated quantization with mixed precision},
  author={Wang, Kuan and Liu, Zhijian and Lin, Yujun and Lin, Ji and Han, Song},
  booktitle={Proceedings of the IEEE conference on computer vision and pattern recognition},
  pages={8612--8620},
  year={2019}
}

@inproceedings{mohassel2017secureml,
  title={Secureml: A system for scalable privacy-preserving machine learning},
  author={Mohassel, Payman and Zhang, Yupeng},
  booktitle={2017 IEEE Symposium on Security and Privacy (SP)},
  pages={19--38},
  year={2017},
}

@inproceedings{chin2020towards,
  title={Towards Efficient Model Compression via Learned Global Ranking},
  author={Chin, Ting-Wu and Ding, Ruizhou and Zhang, Cha and Marculescu, Diana},
  booktitle={Proceedings of the IEEE/CVF Conference on Computer Vision and Pattern Recognition},
  pages={1518--1528},
  year={2020}
}

@inproceedings{lin2020hrank,
  title={HRank: Filter Pruning using High-Rank Feature Map},
  author={Lin, Mingbao and Ji, Rongrong and Wang, Yan and Zhang, Yichen and Zhang, Baochang and Tian, Yonghong and Shao, Ling},
  booktitle={Proceedings of the IEEE/CVF Conference on Computer Vision and Pattern Recognition},
  pages={1529--1538},
  year={2020}
}

@inproceedings{guo2020dmcp,
  title={DMCP: Differentiable Markov Channel Pruning for Neural Networks},
  author={Guo, Shaopeng and Wang, Yujie and Li, Quanquan and Yan, Junjie},
  booktitle={Proceedings of the IEEE/CVF Conference on Computer Vision and Pattern Recognition},
  pages={1539--1547},
  year={2020}
}

@inproceedings{liu2019metapruning,
  title={Metapruning: Meta learning for automatic neural network channel pruning},
  author={Liu, Zechun and Mu, Haoyuan and Zhang, Xiangyu and Guo, Zichao and Yang, Xin and Cheng, Kwang-Ting and Sun, Jian},
  booktitle={Proceedings of the IEEE International Conference on Computer Vision},
  pages={3296--3305},
  year={2019}
}

@inproceedings{wang2020apq,
  title={APQ: Joint Search for Network Architecture, Pruning and Quantization Policy},
  author={Wang, Tianzhe and Wang, Kuan and Cai, Han and Lin, Ji and Liu, Zhijian and Wang, Hanrui and Lin, Yujun and Han, Song},
  booktitle={Proceedings of the IEEE/CVF Conference on Computer Vision and Pattern Recognition},
  pages={2078--2087},
  year={2020}
}

@inproceedings{he2018amc,
  title={Amc: Automl for model compression and acceleration on mobile devices},
  author={He, Yihui and Lin, Ji and Liu, Zhijian and Wang, Hanrui and Li, Li-Jia and Han, Song},
  booktitle={Proceedings of the European Conference on Computer Vision (ECCV)},
  pages={784--800},
  year={2018}
}

@inproceedings{he2020learning,
  title={Learning Filter Pruning Criteria for Deep Convolutional Neural Networks Acceleration},
  author={He, Yang and Ding, Yuhang and Liu, Ping and Zhu, Linchao and Zhang, Hanwang and Yang, Yi},
  booktitle={Proceedings of the IEEE/CVF Conference on Computer Vision and Pattern Recognition},
  pages={2009--2018},
  year={2020}
}

@inproceedings{chollet2017xception,
  title={Xception: Deep learning with depthwise separable convolutions},
  author={Chollet, Fran{\c{c}}ois},
  booktitle={Proceedings of the IEEE conference on computer vision and pattern recognition},
  pages={1251--1258},
  year={2017}
}

@inproceedings{zhang2018shufflenet,
  title={Shufflenet: An extremely efficient convolutional neural network for mobile devices},
  author={Zhang, Xiangyu and Zhou, Xinyu and Lin, Mengxiao and Sun, Jian},
  booktitle={Proceedings of the IEEE conference on computer vision and pattern recognition},
  pages={6848--6856},
  year={2018}
}

@inproceedings{ma2018shufflenet,
  title={Shufflenet v2: Practical guidelines for efficient cnn architecture design},
  author={Ma, Ningning and Zhang, Xiangyu and Zheng, Hai-Tao and Sun, Jian},
  booktitle={Proceedings of the European conference on computer vision (ECCV)},
  pages={116--131},
  year={2018}
}

@inproceedings{pham2018efficient,
  title={Efficient neural architecture search via parameters sharing},
  author={Pham, Hieu and Guan, Melody and Zoph, Barret and Le, Quoc and Dean, Jeff},
  booktitle={International Conference on Machine Learning},
  pages={4095--4104},
  year={2018},
  organization={PMLR}
}

@inproceedings{liu2018darts,
title={{DARTS}: Differentiable Architecture Search},
author={Hanxiao Liu and Karen Simonyan and Yiming Yang},
booktitle={ICLR},
year={2019},
}

@inproceedings{yao1982protocols,
  title={Protocols for secure computations},
  author={Yao, Andrew C},
  booktitle={23rd annual symposium on foundations of computer science (sfcs 1982)},
  pages={160--164},
  year={1982},
  organization={IEEE}
}

@article{brakerski2014leveled,
  title={(Leveled) fully homomorphic encryption without bootstrapping},
  author={Brakerski, Zvika and Gentry, Craig and Vaikuntanathan, Vinod},
  journal={ACM Transactions on Computation Theory (TOCT)},
  volume={6},
  number={3},
  pages={1--36},
  year={2014},
  publisher={ACM New York, NY, USA}
}

@book{gentry2009fully,
  title={A fully homomorphic encryption scheme},
  author={Gentry, Craig and others},
  volume={20},
  number={9},
  year={2009},
  publisher={Stanford university Stanford}
}

@inproceedings{boneh2014fully,
  title={Fully key-homomorphic encryption, arithmetic circuit ABE and compact garbled circuits},
  author={Boneh, Dan and Gentry, Craig and Gorbunov, Sergey and Halevi, Shai and Nikolaenko, Valeria and Segev, Gil and Vaikuntanathan, Vinod and Vinayagamurthy, Dhinakaran},
  booktitle={Annual International Conference on the Theory and Applications of Cryptographic Techniques},
  pages={533--556},
  year={2014},
  organization={Springer}
}

@inproceedings{yao1986generate,
  title={How to generate and exchange secrets},
  author={Yao, Andrew Chi-Chih},
  booktitle={27th Annual Symposium on Foundations of Computer Science (sfcs 1986)},
  pages={162--167},
  year={1986},
  organization={IEEE}
}

@article{shamir1979share,
  title={How to share a secret},
  author={Shamir, Adi},
  journal={Communications of the ACM},
  volume={22},
  number={11},
  pages={612--613},
  year={1979},
  publisher={ACm New York, NY, USA}
}

@incollection{goldreich2019play,
  title={How to play any mental game, or a completeness theorem for protocols with honest majority},
  author={Goldreich, Oded and Micali, Silvio and Wigderson, Avi},
  booktitle={Providing Sound Foundations for Cryptography: On the Work of Shafi Goldwasser and Silvio Micali},
  pages={307--328},
  year={2019}
}

@article{brakerski2014efficient,
  title={Efficient fully homomorphic encryption from (standard) LWE},
  author={Brakerski, Zvika and Vaikuntanathan, Vinod},
  journal={SIAM Journal on Computing},
  volume={43},
  number={2},
  pages={831--871},
  year={2014},
  publisher={SIAM}
}

@article{rivest1978data,
  title={On data banks and privacy homomorphisms},
  author={Rivest, Ronald L and Adleman, Len and Dertouzos, Michael L and others},
  journal={Foundations of secure computation},
  volume={4},
  number={11},
  pages={169--180},
  year={1978},
  publisher={Citeseer}
}

@article{zagoruyko2016wide,
  title={Wide residual networks},
  author={Zagoruyko, Sergey and Komodakis, Nikos},
  journal={arXiv preprint arXiv:1605.07146},
  year={2016}
}

@inproceedings{brendel2018approximating,
title={Approximating {CNN}s with Bag-of-local-Features models works surprisingly well on ImageNet},
author={Wieland Brendel and Matthias Bethge},
booktitle={ICLR},
year={2019},
}

@inproceedings{islam2021shape,
title={Shape or Texture: Understanding Discriminative Features in {\{}CNN{\}}s},
author={Md Amirul Islam and Matthew Kowal and Patrick Esser and Sen Jia and Bj{\"o}rn Ommer and Konstantinos G. Derpanis and Neil Bruce},
booktitle={ICLR},
year={2021},
}

@inproceedings{huang2018condensenet,
  title={Condensenet: An efficient densenet using learned group convolutions},
  author={Huang, Gao and Liu, Shichen and Van der Maaten, Laurens and Weinberger, Kilian Q},
  booktitle={Proceedings of the IEEE conference on computer vision and pattern recognition},
  pages={2752--2761},
  year={2018},
}

@inproceedings{zeiler2014visualizing,
  title={Visualizing and understanding convolutional networks},
  author={Zeiler, Matthew D and Fergus, Rob},
  booktitle={European conference on computer vision},
  pages={818--833},
  year={2014},
  organization={Springer}
}

@article{poole2016exponential,
  title={Exponential expressivity in deep neural networks through transient chaos},
  author={Poole, Ben and Lahiri, Subhaneil and Raghu, Maithra and Sohl-Dickstein, Jascha and Ganguli, Surya},
  journal={Advances in neural information processing systems},
  volume={29},
  pages={3360--3368},
  year={2016}
}

@inproceedings{dong2019network,
 author = {Dong, Xuanyi and Yang, Yi},
 booktitle = {Advances in Neural Information Processing Systems},
 editor = {H. Wallach and H. Larochelle and A. Beygelzimer and F. d\textquotesingle Alch\'{e}-Buc and E. Fox and R. Garnett},
 pages = {760--771},
 publisher = {Curran Associates, Inc.},
 title = {Network Pruning via Transformable Architecture Search},
 url = {https://proceedings.neurips.cc/paper/2019/file/a01a0380ca3c61428c26a231f0e49a09-Paper.pdf},
 volume = {32},
 year = {2019}
}

@inproceedings{hu2018squeeze,
  title={Squeeze-and-excitation networks},
  author={Hu, Jie and Shen, Li and Sun, Gang},
  booktitle={Proceedings of the IEEE conference on computer vision and pattern recognition},
  pages={7132--7141},
  year={2018}
}

@article{srinivas2021bottleneck,
  title={Bottleneck Transformers for Visual Recognition},
  author={Srinivas, Aravind and Lin, Tsung-Yi and Parmar, Niki and Shlens, Jonathon and Abbeel, Pieter and Vaswani, Ashish},
  journal={arXiv preprint arXiv:2101.11605},
  year={2021}
}

@article{brock2021high,
  title={High-Performance Large-Scale Image Recognition Without Normalization},
  author={Brock, Andrew and De, Soham and Smith, Samuel L and Simonyan, Karen},
  journal={arXiv preprint arXiv:2102.06171},
  year={2021}
}

@inproceedings{brock2021characterizing,
title={Characterizing signal propagation to close the performance gap in unnormalized ResNets},
author={Andrew Brock and Soham De and Samuel L Smith},
booktitle={ICLR},
year={2021}
}

@inproceedings{szegedy2017inception,
  title={Inception-v4, inception-resnet and the impact of residual connections on learning},
  author={Szegedy, Christian and Ioffe, Sergey and Vanhoucke, Vincent and Alemi, Alexander},
  booktitle={Proceedings of the AAAI Conference on Artificial Intelligence},
  volume={31},
  number={1},
  year={2017}
}

@article{chen2017dual,
  title={Dual path networks},
  author={Chen, Yunpeng and Li, Jianan and Xiao, Huaxin and Jin, Xiaojie and Yan, Shuicheng and Feng, Jiashi},
  journal={arXiv preprint arXiv:1707.01629},
  year={2017}
}

@inproceedings{zhang2017polynet,
  title={Polynet: A pursuit of structural diversity in very deep networks},
  author={Zhang, Xingcheng and Li, Zhizhong and Change Loy, Chen and Lin, Dahua},
  booktitle={Proceedings of the IEEE Conference on Computer Vision and Pattern Recognition},
  pages={718--726},
  year={2017}
}

@inproceedings{radosavovic2020designing,
  title={Designing network design spaces},
  author={Radosavovic, Ilija and Kosaraju, Raj Prateek and Girshick, Ross and He, Kaiming and Doll{\'a}r, Piotr},
  booktitle={Proceedings of the IEEE/CVF Conference on Computer Vision and Pattern Recognition},
  pages={10428--10436},
  year={2020}
}

@inproceedings{sanyal2018tapas,
  title={TAPAS: Tricks to accelerate (encrypted) prediction as a service},
  author={Sanyal, Amartya and Kusner, Matt and Gascon, Adria and Kanade, Varun},
  booktitle={International Conference on Machine Learning},
  pages={4490--4499},
  year={2018},
  organization={PMLR}
}


@inproceedings{lou2021safenet,
title={{SAFEN}et: A Secure, Accurate and Fast Neural Network Inference},
author={Qian Lou and Yilin Shen and Hongxia Jin and Lei Jiang},
booktitle={ICLR},
year={2021}
}

@article{wang2021knowledge,
  title={Knowledge distillation and student-teacher learning for visual intelligence: A review and new outlooks},
  author={Wang, Lin and Yoon, Kuk-Jin},
  journal={IEEE Transactions on Pattern Analysis and Machine Intelligence},
  year={2021},
  publisher={IEEE}
}

