@book{hawkins1980identification,
  title={Identification of outliers},
  author={Hawkins, Douglas M},
  volume={11},
  year={1980},
  publisher={Springer}
}
@inproceedings{scholkopf1999support,
  title={Support vector method for novelty detection.},
  author={Sch{\"o}lkopf, Bernhard and Williamson, Robert C and Smola, Alexander J and Shawe-Taylor, John and Platt, John C and others},
  booktitle={NIPS},
  volume={12},
  pages={582--588},
  year={1999},
  organization={Citeseer}
}
@article{tax2004support,
  title={Support vector data description},
  author={Tax, David MJ and Duin, Robert PW},
  journal={Machine learning},
  volume={54},
  number={1},
  pages={45--66},
  year={2004},
  publisher={Springer}
}
@inproceedings{liu2008isolation,
  title={Isolation forest},
  author={Liu, Fei Tony and Ting, Kai Ming and Zhou, Zhi-Hua},
  booktitle={2008 eighth ieee international conference on data mining},
  pages={413--422},
  year={2008},
  organization={IEEE}
}
@inproceedings{knorr1998algorithms,
  title={Algorithms for mining distance-based outliers in large datasets},
  author={Knorr, Edwin M and Ng, Raymond T},
  booktitle={VLDB},
  volume={98},
  pages={392--403},
  year={1998},
  organization={Citeseer}
}
@inproceedings{breunig2000lof,
  title={LOF: identifying density-based local outliers},
  author={Breunig, Markus M and Kriegel, Hans-Peter and Ng, Raymond T and Sander, J{\"o}rg},
  booktitle={Proceedings of the 2000 ACM SIGMOD international conference on Management of data},
  pages={93--104},
  year={2000}
}
@article{jordan2015machine,
  title={Machine learning: Trends, perspectives, and prospects},
  author={Jordan, Michael I and Mitchell, Tom M},
  journal={Science},
  volume={349},
  number={6245},
  pages={255--260},
  year={2015},
  publisher={American Association for the Advancement of Science}
}
@article{zhu2009introduction,
  title={Introduction to semi-supervised learning},
  author={Zhu, Xiaojin and Goldberg, Andrew B},
  journal={Synthesis lectures on artificial intelligence and machine learning},
  volume={3},
  number={1},
  pages={1--130},
  year={2009},
  publisher={Morgan \& Claypool Publishers}
}
@article{settles1995active,
  title={Active Learning Literature Survey},
  author={Settles, Burr},
  journal={Science},
  volume={10},
  number={3},
  pages={237--304},
  year={1995},
  publisher={University of Wisconsin--Madison}
}
@article{liu2012isolation,
  title={Isolation-based anomaly detection},
  author={Liu, Fei Tony and Ting, Kai Ming and Zhou, Zhi-Hua},
  journal={ACM Transactions on Knowledge Discovery from Data (TKDD)},
  volume={6},
  number={1},
  pages={1--39},
  year={2012},
  publisher={Acm New York, NY, USA}
}
@article{hochenbaum2017automatic,
  title={Automatic anomaly detection in the cloud via statistical learning},
  author={Hochenbaum, Jordan and Vallis, Owen S and Kejariwal, Arun},
  journal={arXiv preprint arXiv:1704.07706},
  year={2017}
}
@article{hill2010anomaly,
  title={Anomaly detection in streaming environmental sensor data: A data-driven modeling approach},
  author={Hill, David J and Minsker, Barbara S},
  journal={Environmental Modelling \& Software},
  volume={25},
  number={9},
  pages={1014--1022},
  year={2010},
  publisher={Elsevier}
}
@inproceedings{susto2017anomaly,
  title={Anomaly detection through on-line isolation forest: An application to plasma etching},
  author={Susto, Gian Antonio and Beghi, Alessandro and McLoone, Se{\'a}n},
  booktitle={2017 28th Annual SEMI Advanced Semiconductor Manufacturing Conference (ASMC)},
  pages={89--94},
  year={2017},
  organization={IEEE}
}
@inproceedings{ho1995random,
  title={Random decision forests},
  author={Ho, Tin Kam},
  booktitle={Proceedings of 3rd international conference on document analysis and recognition},
  volume={1},
  pages={278--282},
  year={1995},
  organization={IEEE}
}
@inproceedings{hofmockel2018isolation,
  title={Isolation Forest for Anomaly Detection in Raw Vehicle Sensor Data.},
  author={Hofmockel, Julia and Sax, Eric},
  booktitle={VEHITS},
  pages={411--416},
  year={2018}
}
@inproceedings{das2016incorporating,
  title={Incorporating expert feedback into active anomaly discovery},
  author={Das, Shubhomoy and Wong, Weng-Keen and Dietterich, Thomas and Fern, Alan and Emmott, Andrew},
  booktitle={2016 IEEE 16th International Conference on Data Mining (ICDM)},
  pages={853--858},
  year={2016},
  organization={IEEE}
}
@article{das2017incorporating,
  title={Incorporating feedback into tree-based anomaly detection},
  author={Das, Shubhomoy and Wong, Weng-Keen and Fern, Alan and Dietterich, Thomas G and Siddiqui, Md Amran},
  journal={arXiv preprint arXiv:1708.09441},
  year={2017}
}
@inproceedings{lesouple2021incorporating,
  title={Incorporating user feedback into one-class support vector machines for anomaly detection},
  author={Lesouple, Julien and Tourneret, Jean-Yves},
  booktitle={2020 28th European Signal Processing Conference (EUSIPCO)},
  pages={1608--1612},
  year={2021},
  organization={IEEE}
}
@inproceedings{vercruyssen2018semi,
  title={Semi-supervised anomaly detection with an application to water analytics},
  author={Vercruyssen, Vincent and Meert, Wannes and Verbruggen, Gust and Maes, Koen and Baumer, Ruben and Davis, Jesse},
  booktitle={2018 ieee international conference on data mining (icdm)},
  volume={2018},
  pages={527--536},
  year={2018},
  organization={IEEE}
}
@inproceedings{li2021tree,
  title={Tree-based Self-adaptive Anomaly Detection by Human-Machine Interaction},
  author={Li, Qingyang and Yu, Zhiwen and Xu, Huang and Guo, Bin},
  booktitle={2021 IEEE 2nd International Conference on Human-Machine Systems (ICHMS)},
  pages={1--6},
  year={2021},
  organization={IEEE}
}
@inproceedings{siddiqui2018feedback,
  title={Feedback-guided anomaly discovery via online optimization},
  author={Siddiqui, Md Amran and Fern, Alan and Dietterich, Thomas G and Wright, Ryan and Theriault, Alec and Archer, David W},
  booktitle={Proceedings of the 24th ACM SIGKDD International Conference on Knowledge Discovery \& Data Mining},
  pages={2200--2209},
  year={2018}
}
@article{lesouple2021introduce,
  title={How to introduce expert feedback in one-class support vector machines for anomaly detection?},
  author={Lesouple, Julien and Baudoin, C{\'e}dric and Spigai, Marc and Tourneret, Jean-Yves},
  journal={Signal Processing},
  volume={188},
  pages={108197},
  year={2021},
  publisher={Elsevier}
}
@article{li2021privacy,
  title={A privacy-preserving multi-agent updating framework for self-adaptive tree model},
  author={Li, Qingyang and Guo, Bin and Wang, Zhu},
  journal={Peer-to-Peer Networking and Applications},
  pages={1--13},
  year={2021},
  publisher={Springer}
}
@inproceedings{keen1980decision,
  title={Decision support systems: a research perspective},
  author={Keen, Peter GW},
  booktitle={Decision support systems: Issues and challenges: Proceedings of an international task force meeting},
  pages={23--44},
  year={1980}
}
@article{chandola2009anomaly,
  title={Anomaly detection: A survey},
  author={Chandola, Varun and Banerjee, Arindam and Kumar, Vipin},
  journal={ACM computing surveys (CSUR)},
  volume={41},
  number={3},
  pages={1--58},
  year={2009},
  publisher={ACM New York, NY, USA}
}
@article{foorthuis2021nature,
  title={On the nature and types of anomalies: A review of deviations in data},
  author={Foorthuis, Ralph},
  journal={International Journal of Data Science and Analytics},
  volume={12},
  number={4},
  pages={297--331},
  year={2021},
  publisher={Springer}
}
@article{angelopoulos2019tacklin,
  title={Tackling faults in the industry 4.0 eraâ€”a survey of machine-learning solutions and key aspects},
  author={Angelopoulos, Angelos and Michailidis, Emmanouel T and Nomikos, Nikolaos and Trakadas, Panagiotis and Hatziefremidis, Antonis and Voliotis, Stamatis and Zahariadis, Theodore},
  journal={Sensors},
  volume={20},
  number={1},
  pages={109},
  year={2019},
  publisher={MDPI}
}
@article{pelleg2004active,
  title={Active learning for anomaly and rare-category detection},
  author={Pelleg, Dan and Moore, Andrew},
  journal={Advances in neural information processing systems},
  volume={17},
  year={2004}
}
@article{stokes2008aladin,
  title={Aladin: Active learning of anomalies to detect intrusions},
  author={Stokes, Jack W and Platt, John and Kravis, Joseph and Shilman, Michael},
  year={2008}
}
@inproceedings{nissim2014alpd,
  title={Alpd: Active learning framework for enhancing the detection of malicious pdf files},
  author={Nissim, Nir and Cohen, Aviad and Moskovitch, Robert and Shabtai, Assaf and Edry, Mattan and Bar-Ad, Oren and Elovici, Yuval},
  booktitle={2014 IEEE Joint Intelligence and Security Informatics Conference},
  pages={91--98},
  year={2014},
  organization={IEEE}
}
@article{gornitz2013toward,
  title={Toward supervised anomaly detection},
  author={G{\"o}rnitz, Nico and Kloft, Marius and Rieck, Konrad and Brefeld, Ulf},
  journal={Journal of Artificial Intelligence Research},
  volume={46},
  pages={235--262},
  year={2013}
}

@article{kumar2020active,
  title={Active learning query strategies for classification, regression, and clustering: a survey},
  author={Kumar, Punit and Gupta, Atul},
  journal={Journal of Computer Science and Technology},
  volume={35},
  number={4},
  pages={913--945},
  year={2020},
  publisher={Springer}
}


@article{sejr2021explainable,
  title={Explainable outlier detection: What, for Whom and Why?},
  author={Sejr, Jonas Herskind and Schneider-Kamp, Anna},
  journal={Machine Learning with Applications},
  volume={6},
  pages={100172},
  year={2021},
  publisher={Elsevier}
}
@misc{Rayana,
author = {Shebuti, Rayana},
title = {ODDS Library},
url = {http://odds.cs.stonybrook.edu},
year = {2016},
institution = {Stony Brook University, Department of Computer Sciences }
}

@misc{Dua:2019 ,
author = "Dua, Dheeru and Graff, Casey",
year = "2017",
title = "{UCI} Machine Learning Repository",
url = "http://archive.ics.uci.edu/ml",
institution = "University of California, Irvine, School of Information and Computer Sciences" } 

@inproceedings{ghosh1994credit,
  title={Credit card fraud detection with a neural-network},
  author={Ghosh, Sushmito and Reilly, Douglas L},
  booktitle={System Sciences, 1994. Proceedings of the Twenty-Seventh Hawaii International Conference on},
  volume={3},
  pages={621--630},
  year={1994},
  organization={IEEE}
}
@inproceedings{fawcett1999activity,
  title={Activity monitoring: Noticing interesting changes in behavior},
  author={Fawcett, Tom and Provost, Foster},
  booktitle={Proceedings of the fifth ACM SIGKDD international conference on Knowledge discovery and data mining},
  pages={53--62},
  year={1999}
}
@inproceedings{donoho2004early,
  title={Early detection of insider trading in option markets},
  author={Donoho, Steve},
  booktitle={Proceedings of the tenth ACM SIGKDD international conference on Knowledge discovery and data mining},
  pages={420--429},
  year={2004}
}
@inproceedings{wong2003bayesian,
  title={Bayesian network anomaly pattern detection for disease outbreaks},
  author={Wong, Weng-Keen and Moore, Andrew W and Cooper, Gregory F and Wagner, Michael M},
  booktitle={Proceedings of the 20th International Conference on Machine Learning (ICML-03)},
  pages={808--815},
  year={2003}
}

@article{barbariol2020self,
  title={Self-diagnosis of multiphase flow meters through machine learning-based anomaly detection},
  author={Barbariol, Tommaso and Feltresi, Enrico and Susto, Gian Antonio},
  journal={Energies},
  volume={13},
  number={12},
  pages={3136},
  year={2020},
  publisher={Multidisciplinary Digital Publishing Institute}
}
@article{kourou2015machine,
  title={Machine learning applications in cancer prognosis and prediction},
  author={Kourou, Konstantina and Exarchos, Themis P and Exarchos, Konstantinos P and Karamouzis, Michalis V and Fotiadis, Dimitrios I},
  journal={Computational and structural biotechnology journal},
  volume={13},
  pages={8--17},
  year={2015},
  publisher={Elsevier}
}
@inproceedings{hamner2010predicting,
  title={Predicting travel times with context-dependent random forests by modeling local and aggregate traffic flow},
  author={Hamner, Benjamin},
  booktitle={2010 IEEE International Conference on Data Mining Workshops},
  pages={1357--1359},
  year={2010},
  organization={IEEE}
}
@article{yao2008quantitative,
  title={Quantitative systems-level determinants of human genes targeted by successful drugs},
  author={Yao, Lixia and Rzhetsky, Andrey},
  journal={Genome Research},
  volume={18},
  number={2},
  pages={206--213},
  year={2008},
  publisher={Cold Spring Harbor Lab}
}
@article{balaji2021machine,
  title={Machine learning algorithms for social media analysis: A survey},
  author={Balaji, TK and Annavarapu, Chandra Sekhara Rao and Bablani, Annushree},
  journal={Computer Science Review},
  volume={40},
  pages={100395},
  year={2021},
  publisher={Elsevier}
}
@inproceedings{awoyemi2017credit,
  title={Credit card fraud detection using machine learning techniques: A comparative analysis},
  author={Awoyemi, John O and Adetunmbi, Adebayo O and Oluwadare, Samuel A},
  booktitle={2017 international conference on computing networking and informatics (ICCNI)},
  pages={1--9},
  year={2017},
  organization={IEEE}
}
@article{ahmed2016survey,
  title={A survey of network anomaly detection techniques},
  author={Ahmed, Mohiuddin and Mahmood, Abdun Naser and Hu, Jiankun},
  journal={Journal of Network and Computer Applications},
  volume={60},
  pages={19--31},
  year={2016},
  publisher={Elsevier}
}