% federated linear bandit
@article{dubey2020differentially,
  title={Differentially-Private Federated Linear Bandits},
  author={Dubey, Abhimanyu and Pentland, Alex},
  journal={arXiv preprint arXiv:2010.11425},
  year={2020}
}

@article{wang2019distributed,
  title={Distributed bandit learning: Near-optimal regret with efficient communication},
  author={Wang, Yuanhao and Hu, Jiachen and Chen, Xiaoyu and Wang, Liwei},
  journal={arXiv preprint arXiv:1904.06309},
  year={2019}
}

@inproceedings{korda2016distributed,
  title={Distributed clustering of linear bandits in peer to peer networks},
  author={Korda, Nathan and Szorenyi, Balazs and Li, Shuai},
  booktitle={International conference on machine learning},
  pages={1301--1309},
  year={2016},
  organization={PMLR}
}

% federated learning
@article{konevcny2016federated,
  title={Federated optimization: Distributed machine learning for on-device intelligence},
  author={Kone{\v{c}}n{\`y}, Jakub and McMahan, H Brendan and Ramage, Daniel and Richt{\'a}rik, Peter},
  journal={arXiv preprint arXiv:1610.02527},
  year={2016}
}
@article{zhao2018federated,
  title={Federated learning with non-iid data},
  author={Zhao, Yue and Li, Meng and Lai, Liangzhen and Suda, Naveen and Civin, Damon and Chandra, Vikas},
  journal={arXiv preprint arXiv:1806.00582},
  year={2018}
}
@article{kairouz2019advances,
  title={Advances and open problems in federated learning},
  author={Kairouz, Peter and McMahan, H Brendan and Avent, Brendan and Bellet, Aur{\'e}lien and Bennis, Mehdi and Bhagoji, Arjun Nitin and Bonawitz, Keith and Charles, Zachary and Cormode, Graham and Cummings, Rachel and others},
  journal={arXiv preprint arXiv:1912.04977},
  year={2019}
}
@article{smith2017federated,
  title={Federated multi-task learning},
  author={Smith, Virginia and Chiang, Chao-Kai and Sanjabi, Maziar and Talwalkar, Ameet},
  journal={arXiv preprint arXiv:1705.10467},
  year={2017}
}
@article{yang2019federated,
  title={Federated machine learning: Concept and applications},
  author={Yang, Qiang and Liu, Yang and Chen, Tianjian and Tong, Yongxin},
  journal={ACM Transactions on Intelligent Systems and Technology (TIST)},
  volume={10},
  number={2},
  pages={1--19},
  year={2019},
  publisher={ACM New York, NY, USA}
}
@article{li2019convergence,
  title={On the convergence of fedavg on non-iid data},
  author={Li, Xiang and Huang, Kaixuan and Yang, Wenhao and Wang, Shusen and Zhang, Zhihua},
  journal={arXiv preprint arXiv:1907.02189},
  year={2019}
}
% event-triggered communication
@article{kia2015distributed,
  title={Distributed convex optimization via continuous-time coordination algorithms with discrete-time communication},
  author={Kia, Solmaz S and Cort{\'e}s, Jorge and Mart{\'\i}nez, Sonia},
  journal={Automatica},
  volume={55},
  pages={254--264},
  year={2015},
  publisher={Elsevier}
}
@inproceedings{yi2018distributed,
  title={Distributed optimization for second-order multi-agent systems with dynamic event-triggered communication},
  author={Yi, Xinlei and Yao, Lisha and Yang, Tao and George, Jemin and Johansson, Karl H},
  booktitle={2018 IEEE Conference on Decision and Control (CDC)},
  pages={3397--3402},
  year={2018},
  organization={IEEE}
}
@inproceedings{george2020distributed,
  title={Distributed stochastic gradient descent with event-triggered communication},
  author={George, Jemin and Gurram, Prudhvi},
  booktitle={Proceedings of the AAAI Conference on Artificial Intelligence},
  volume={34},
  number={05},
  pages={7169--7178},
  year={2020}
}
% application examples in intro
@inproceedings{li2010exploitation,
  title={Exploitation and exploration in a performance based contextual advertising system},
  author={Li, Wei and Wang, Xuerui and Zhang, Ruofei and Cui, Ying and Mao, Jianchang and Jin, Rong},
  booktitle={Proceedings of the 16th ACM SIGKDD international conference on Knowledge discovery and data mining},
  pages={27--36},
  year={2010}
}
@inproceedings{li2010contextual,
  title={A contextual-bandit approach to personalized news article recommendation},
  author={Li, Lihong and Chu, Wei and Langford, John and Schapire, Robert E},
  booktitle={Proceedings of the 19th international conference on World wide web},
  pages={661--670},
  year={2010}
}

@inproceedings{durand2018contextual,
  title={Contextual bandits for adapting treatment in a mouse model of de novo carcinogenesis},
  author={Durand, Audrey and Achilleos, Charis and Iacovides, Demetris and Strati, Katerina and Mitsis, Georgios D and Pineau, Joelle},
  booktitle={Machine learning for healthcare conference},
  pages={67--82},
  year={2018},
  organization={PMLR}
}

@article{voigt2017eu,
  title={The eu general data protection regulation (gdpr)},
  author={Voigt, Paul and Von dem Bussche, Axel},
  journal={A Practical Guide, 1st Ed., Cham: Springer International Publishing},
  volume={10},
  pages={3152676},
  year={2017},
  publisher={Springer}
}
@inproceedings{mcmahan2017communication,
  title={Communication-efficient learning of deep networks from decentralized data},
  author={McMahan, Brendan and Moore, Eider and Ramage, Daniel and Hampson, Seth and y Arcas, Blaise Aguera},
  booktitle={Artificial Intelligence and Statistics},
  pages={1273--1282},
  year={2017},
  organization={PMLR}
}
@inproceedings{evgeniou2004regularized,
  title={Regularized multi--task learning},
  author={Evgeniou, Theodoros and Pontil, Massimiliano},
  booktitle={Proceedings of the tenth ACM SIGKDD international conference on Knowledge discovery and data mining},
  pages={109--117},
  year={2004}
}
@article{huang2013depth,
  title={An in-depth study of LTE: Effect of network protocol and application behavior on performance},
  author={Huang, Junxian and Qian, Feng and Guo, Yihua and Zhou, Yuanyuan and Xu, Qiang and Mao, Z Morley and Sen, Subhabrata and Spatscheck, Oliver},
  journal={ACM SIGCOMM Computer Communication Review},
  volume={43},
  number={4},
  pages={363--374},
  year={2013},
  publisher={ACM New York, NY, USA}
}
% bandits
@book{lattimore2020bandit,
  title={Bandit algorithms},
  author={Lattimore, Tor and Szepesv{\'a}ri, Csaba},
  year={2020},
  publisher={Cambridge University Press}
}

@inproceedings{abbasi2011improved,
  title={Improved Algorithms for Linear Stochastic Bandits.},
  author={Abbasi-Yadkori, Yasin and P{\'a}l, D{\'a}vid and Szepesv{\'a}ri, Csaba},
  booktitle={NIPS},
  volume={11},
  pages={2312--2320},
  year={2011}
}

@article{auer2002finite,
  title={Finite-time analysis of the multiarmed bandit problem},
  author={Auer, Peter and Cesa-Bianchi, Nicolo and Fischer, Paul},
  journal={Machine learning},
  volume={47},
  number={2},
  pages={235--256},
  year={2002},
  publisher={Springer}
}

@inproceedings{agrawal2013thompson,
  title={Thompson sampling for contextual bandits with linear payoffs},
  author={Agrawal, Shipra and Goyal, Navin},
  booktitle={International Conference on Machine Learning},
  pages={127--135},
  year={2013},
  organization={PMLR}
}

@inproceedings{abeille2017linear,
  title={Linear thompson sampling revisited},
  author={Abeille, Marc and Lazaric, Alessandro},
  booktitle={Artificial Intelligence and Statistics},
  pages={176--184},
  year={2017},
  organization={PMLR}
}
@article{russo2014learning,
  title={Learning to optimize via posterior sampling},
  author={Russo, Daniel and Van Roy, Benjamin},
  journal={Mathematics of Operations Research},
  volume={39},
  number={4},
  pages={1221--1243},
  year={2014},
  publisher={INFORMS}
}
@article{kveton2019perturbed,
  title={Perturbed-history exploration in stochastic linear bandits},
  author={Kveton, Branislav and Szepesvari, Csaba and Ghavamzadeh, Mohammad and Boutilier, Craig},
  journal={arXiv preprint arXiv:1903.09132},
  year={2019}
}
% multi-agent linear bandits
@inproceedings{cesa2013gang,
  title={A gang of bandits},
  author={Cesa-Bianchi, Nicolo and Gentile, Claudio and Zappella, Giovanni},
  booktitle={Advances in Neural Information Processing Systems},
  pages={737--745},
  year={2013}
}
@inproceedings{wu2016contextual,
  title={Contextual bandits in a collaborative environment},
  author={Wu, Qingyun and Wang, Huazheng and Gu, Quanquan and Wang, Hongning},
  booktitle={Proceedings of the 39th International ACM SIGIR conference on Research and Development in Information Retrieval},
  pages={529--538},
  year={2016},
  organization={ACM}
}
@inproceedings{yang2020laplacian,
  title={Laplacian-regularized graph bandits: Algorithms and theoretical analysis},
  author={Yang, Kaige and Toni, Laura and Dong, Xiaowen},
  booktitle={International Conference on Artificial Intelligence and Statistics},
  pages={3133--3143},
  year={2020}
}

@inproceedings{gentile2014online,
  title={Online clustering of bandits},
  author={Gentile, Claudio and Li, Shuai and Zappella, Giovanni},
  booktitle={International Conference on Machine Learning},
  pages={757--765},
  year={2014}
}
@inproceedings{li2016collaborative,
  title={Collaborative filtering bandits},
  author={Li, Shuai and Karatzoglou, Alexandros and Gentile, Claudio},
  booktitle={Proceedings of the 39th International ACM SIGIR conference on Research and Development in Information Retrieval},
  pages={539--548},
  year={2016},
  organization={ACM}
}
@inproceedings{gentile2017context,
  title={On context-dependent clustering of bandits},
  author={Gentile, Claudio and Li, Shuai and Kar, Purushottam and Karatzoglou, Alexandros and Zappella, Giovanni and Etrue, Evans},
  booktitle={Proceedings of the 34th International Conference on Machine Learning-Volume 70},
  pages={1253--1262},
  year={2017},
  organization={JMLR. org}
}
@article{li2019improved,
  title={Improved algorithm on online clustering of bandits},
  author={Li, Shuai and Chen, Wei and Leung, Kwong-Sak},
  journal={arXiv preprint arXiv:1902.09162},
  year={2019}
}
@inproceedings{li2021unifying,
  title={Unifying Clustered and Non-stationary Bandits},
  author={Li, Chuanhao and Wu, Qingyun and Wang, Hongning},
  booktitle={International Conference on Artificial Intelligence and Statistics},
  pages={1063--1071},
  year={2021},
  organization={PMLR}
}
@inproceedings{shi2021federated,
  title={Federated Multi-armed Bandits with Personalization},
  author={Shi, Chengshuai and Shen, Cong and Yang, Jing},
  booktitle={International Conference on Artificial Intelligence and Statistics},
  pages={2917--2925},
  year={2021},
  organization={PMLR}
}
% dataset
@article{harper2015movielens,
  title={The movielens datasets: History and context},
  author={Harper, F Maxwell and Konstan, Joseph A},
  journal={Acm transactions on interactive intelligent systems (tiis)},
  volume={5},
  number={4},
  pages={1--19},
  year={2015},
  publisher={ACM New York, NY, USA}
}
   @inproceedings{Cantador:RecSys2011,
      author = {Cantador, Iv\'{a}n and Brusilovsky, Peter and Kuflik, Tsvi},
      title = {2nd Workshop on Information Heterogeneity and Fusion in Recommender Systems (HetRec 2011)},
      booktitle = {Proceedings of the 5th ACM conference on Recommender systems},
      series = {RecSys 2011},
      year = {2011},
      location = {Chicago, IL, USA},
      publisher = {ACM},
      address = {New York, NY, USA},
      keywords = {information heterogeneity, information integration, recommender systems},
   } 
% technical
@article{tropp2011freedman,
  title={Freedman's inequality for matrix martingales},
  author={Tropp, Joel and others},
  journal={Electronic Communications in Probability},
  volume={16},
  pages={262--270},
  year={2011},
  publisher={The Institute of Mathematical Statistics and the Bernoulli Society}
}
@inproceedings{chatterji2020osom,
  title={Osom: A simultaneously optimal algorithm for multi-armed and linear contextual bandits},
  author={Chatterji, Niladri and Muthukumar, Vidya and Bartlett, Peter},
  booktitle={International Conference on Artificial Intelligence and Statistics},
  pages={1844--1854},
  year={2020},
  organization={PMLR}
}
@article{papini2021leveraging,
  title={Leveraging Good Representations in Linear Contextual Bandits},
  author={Papini, Matteo and Tirinzoni, Andrea and Restelli, Marcello and Lazaric, Alessandro and Pirotta, Matteo},
  journal={arXiv preprint arXiv:2104.03781},
  year={2021}
}