@ARTICLE{pau1,
  author={Ferrer-Cid, Pau and Barcelo-Ordinas, Jose M. and Garcia-Vidal, Jorge and Ripoll, Anna and Viana, Mar},
  journal={IEEE Internet of Things Journal}, 
  title={Multisensor Data Fusion Calibration in IoT Air Pollution Platforms}, 
  year={2020},
  volume={7},
  number={4},
  pages={3124-3132},
  note = {\doi {10.1109/JIOT.2020.2965283}}
}


@article{spinelle2015field,
  title={Field calibration of a cluster of low-cost available sensors for air quality monitoring. Part A: Ozone and nitrogen dioxide},
  author={Spinelle, Laurent and Gerboles, Michel and Villani, Maria Gabriella and Aleixandre, Manuel and Bonavitacola, Fausto},
  journal={Sensors and Actuators B: Chemical},
  volume={215},
  pages={249--257},
  year={2015},
  publisher={Elsevier},
  note = {\doi {10.1016/j.snb.2015.03.031}}
}


@article{lu2019meteorology,
  title={Meteorology and climate influences on tropospheric ozone: a review of natural sources, chemistry, and transport patterns},
  author={Lu, Xiao and Zhang, Lin and Shen, Lu},
  journal={Current Pollution Reports},
  volume={5},
  pages={238--260},
  year={2019},
  publisher={Springer},
  note = {\doi {10.1007/s40726-019-00118-3}}
}

@article{lewis2018low,
  title={Low-cost sensors for the measurement of atmospheric composition: overview of topic and future applications},
  author={Lewis, Alastair and Peltier, W Richard and von Schneidemesser, Erika},
  year={2018},
  publisher={World Meteorological Organization (WMO)}
}

@article{cross2017use,
  title={Use of electrochemical sensors for measurement of air pollution: correcting interference response and validating measurements},
  author={Cross, Eben S and Williams, Leah R and Lewis, David K and Magoon, Gregory R and Onasch, Timothy B and Kaminsky, Michael L and Worsnop, Douglas R and Jayne, John T},
  journal={Atmospheric Measurement Techniques},
  volume={10},
  number={9},
  pages={3575--3588},
  year={2017},
  publisher={Copernicus Publications G{\"o}ttingen, Germany},
  note = {\doi {10.5194/amt-10-3575-2017}}
}

@ARTICLE{allka,
  author={Allka, Xhensilda and Ferrer-Cid, Pau and Barcelo-Ordinas, Jose M. and Garcia-Vidal, Jorge},
  journal={IEEE Transactions on Instrumentation and Measurement}, 
  title={Temporal Pattern-Based Denoising and Calibration for Low-Cost Sensors in IoT Monitoring Platforms}, 
  year={2023},
  volume={72},
  number={},
  pages={1-11},
  note = {\doi {10.1109/TIM.2023.3239626}}
}

@ARTICLE{Scarselli,
  author={Scarselli, Franco and Gori, Marco and Tsoi, Ah Chung and Hagenbuchner, Markus and Monfardini, Gabriele},
  journal={IEEE Transactions on Neural Networks}, 
  title={The Graph Neural Network Model}, 
  year={2009},
  volume={20},
  number={1},
  pages={61-80},
  note = {\doi {10.1109/TNN.2008.2005605}}
}

@ARTICLE{Wu,
  author={Wu, Zonghan and Pan, Shirui and Chen, Fengwen and Long, Guodong and Zhang, Chengqi and Yu, Philip S.},
  journal={IEEE Transactions on Neural Networks and Learning Systems}, 
  title={A Comprehensive Survey on Graph Neural Networks}, 
  year={2021},
  volume={32},
  number={1},
  pages={4-24},
  note = {\doi {10.1109/TNNLS.2020.2978386}}
  }

@article{zhou2020graph,
title={Graph neural networks: A review of methods and applications},
author={Zhou, Jie and Cui, Ganqu and Hu, Shengding and Zhang, Zhengyan and Yang, Cheng and Liu, Zhiyuan and Wang, Lifeng and Li, Changcheng and Sun, Maosong},
journal={AI open},
volume={1},
pages={57--81},
year={2020},
publisher={Elsevier},
note = {\doi {10.1016/j.aiopen.2021.01.001}}
}

@inproceedings{rec,
author = {Ying, Rex and He, Ruining and Chen, Kaifeng and Eksombatchai, Pong and Hamilton, William L. and Leskovec, Jure},
title = {Graph Convolutional Neural Networks for Web-Scale Recommender Systems},
year = {2018},
publisher = {Association for Computing Machinery},
address = {New York, NY, USA},
booktitle = {Proceedings of the 24th ACM SIGKDD International Conference on Knowledge Discovery \& Data Mining},
pages = {974–983},
location = {London, United Kingdom},
series = {KDD '18},
note = {\doi {10.1145/3219819.3219890}}
}

@inproceedings{social,
author = {Fan, Wenqi and Ma, Yao and Li, Qing and He, Yuan and Zhao, Eric and Tang, Jiliang and Yin, Dawei},
title = {Graph Neural Networks for Social Recommendation},
year = {2019},
publisher = {Association for Computing Machinery},
address = {New York, NY, USA},
booktitle = {The World Wide Web Conference},
pages = {417–426},
location = {San Francisco, CA, USA},
series = {WWW '19},
note = {\doi {10.1145/3308558.3313488}}
}

@ARTICLE{biological,
author={Li, Rui and Yuan, Xin and Radfar, Mohsen and Marendy, Peter and Ni, Wei and O’Brien, Terrence J. and Casillas-Espinosa, Pablo M.},
journal={IEEE Reviews in Biomedical Engineering}, 
title={Graph Signal Processing, Graph Neural Network and Graph Learning on Biological Data: A Systematic Review}, 
year={2023},
volume={16},
number={},
pages={109-135},
note = {\doi {10.1109/RBME.2021.3122522}}
}

@inproceedings{
veličković2018graph,
title={Graph Attention Networks},
author={Petar Veličković and Guillem Cucurull and Arantxa Casanova and Adriana Romero and Pietro Liò and Yoshua Bengio},
booktitle={International Conference on Learning Representations},
year={2018},
}

@inproceedings{
brody2022how,
title={How Attentive are Graph Attention Networks? },
author={Shaked Brody and Uri Alon and Eran Yahav},
booktitle={International Conference on Learning Representations},
year={2022},
}

@INPROCEEDINGS{MTADGAT,
author={Zhao, Hang and Wang, Yujing and Duan, Juanyong and Huang, Congrui and Cao, Defu and Tong, Yunhai and Xu, Bixiong and Bai, Jing and Tong, Jie and Zhang, Qi},
booktitle={IEEE International Conference on Data Mining (ICDM)}, 
title={Multivariate Time-Series Anomaly Detection via Graph Attention Network}, 
year={2020},
volume={},
number={},
pages={841-850},
note = {\doi {10.1109/ICDM50108.2020.00093}}
}

@ARTICLE{lstm,
author={Hochreiter, Sepp and Schmidhuber, Jürgen},
journal={Neural Computation}, 
title={Long Short-Term Memory}, 
year={1997},
volume={9},
number={8},
pages={1735-1780},
note = {\doi {10.1162/neco.1997.9.8.1735}}
}

@article{ripoll2019testing,
  title={Testing the performance of sensors for ozone pollution monitoring in a citizen science approach},
  author={Ripoll, Anna and Viana, Mar and Padrosa, Marc and Querol, Xavier and Minutolo, Andrea and Hou, Kun Mean and Barcelo-Ordinas, Jos{\'e} Mar{\'\i}a and Garc{\'\i}a-Vidal, Jorge},
  journal={Science of the total environment},
  volume={651},
  pages={1166--1179},
  year={2019},
  publisher={Elsevier},
  note = {\doi {10.1016/j.scitotenv.2018.09.257}}
}

@article{barcelo2021h2020,
  title={H2020 project CAPTOR dataset: Raw data collected by low-cost MOX ozone sensors in a real air pollution monitoring network},
  author={Barcelo-Ordinas, Jose M and Ferrer-Cid, Pau and Garcia-Vidal, Jorge and Viana, Mar and Ripoll, Ana},
  journal={Data in brief},
  volume={36},
  pages={107127},
  year={2021},
  publisher={Elsevier},
  note = {\doi {10.1016/j.dib.2021.107127}}
}

@article{ba2016layer,
  title={Layer normalization},
  author={Ba, Jimmy Lei and Kiros, Jamie Ryan and Hinton, Geoffrey E},
  journal={arXiv preprint arXiv:1607.06450},
  year={2016}
}

@inproceedings{kingma,
  title= {Adam: {A} Method for Stochastic Optimization},
  author={Kingma, Diederik P and Ba, Jimmy},
  booktitle={International Conference on Learning Representations (ICLR)},
  pages={1--15},
  year={2015},
}

@article{jiang2022graph,
title={Graph neural network for traffic forecasting: A survey},
author={Jiang, Weiwei and Luo, Jiayun},
journal={Expert Systems with Applications},
pages={117921},
year={2022},
publisher={Elsevier},
note = {\doi {10.1016/j.eswa.2022.117921}}
}

@ARTICLE{Cui2020graph,
author={Cui, Zhiyong and Henrickson, Kristian and Ke, Ruimin and Wang, Yinhai},
journal={IEEE Transactions on Intelligent Transportation Systems}, 
title={Traffic Graph Convolutional Recurrent Neural Network: A Deep Learning Framework for Network-Scale Traffic Learning and Forecasting}, 
year={2020},
volume={21},
number={11},
pages={4883-4894},
note = {\doi {10.1109/TITS.2019.2950416}}
}

@article{bui2022spatial,
title={Spatial-temporal graph neural network for traffic forecasting: An overview and open research issues},
author={Bui, Khac-Hoai Nam and Cho, Jiho and Yi, Hongsuk},
journal={Applied Intelligence},
volume={52},
number={3},
pages={2763--2774},
year={2022},
publisher={Springer},
note = {\doi {10.1007/s10489-021-02587-w}}
}

@inproceedings{marathe2021currentsense,
  title={CurrentSense: A novel approach for fault and drift detection in environmental IoT sensors},
  author={Marathe, Sumukh and Nambi, Akshay and Swaminathan, Manohar and Sutaria, Ronak},
  booktitle={Proceedings of the International Conference on Internet-of-Things Design and Implementation},
  pages={93--105},
  year={2021},
  note = {\doi {10.1145/3450268.3453535}}
}