@inproceedings{gamba2022all,
  title={Are All Linear Regions Created Equal?},
  author={Gamba, Matteo and Chmielewski-Anders, Adrian and Sullivan, Josephine and Azizpour, Hossein and Bjorkman, Marten},
  booktitle={International Conference on Artificial Intelligence and Statistics},
  pages={6573--6590},
  year={2022},
  organization={PMLR}
}

@article{montufar2014number,
  title={On the number of linear regions of deep neural networks},
  author={Montufar, Guido F and Pascanu, Razvan and Cho, Kyunghyun and Bengio, Yoshua},
  journal={Advances in neural information processing systems},
  volume={27},
  year={2014}
}

@inproceedings{raghu2017expressive,
  title={On the expressive power of deep neural networks},
  author={Raghu, Maithra and Poole, Ben and Kleinberg, Jon and Ganguli, Surya and Sohl-Dickstein, Jascha},
  booktitle={international conference on machine learning},
  pages={2847--2854},
  year={2017},
  organization={PMLR}
}

@inproceedings{serra2018bounding,
  title={Bounding and counting linear regions of deep neural networks},
  author={Serra, Thiago and Tjandraatmadja, Christian and Ramalingam, Srikumar},
  booktitle={International Conference on Machine Learning},
  pages={4558--4566},
  year={2018},
  organization={PMLR}
}

@article{liu2021optimal,
  title={Optimal function approximation with ReLU neural networks},
  author={Liu, Bo and Liang, Yi},
  journal={Neurocomputing},
  volume={435},
  pages={216--227},
  year={2021},
  publisher={Elsevier}
}

@article{novak2018sensitivity,
  title={Sensitivity and generalization in neural networks: an empirical study},
  author={Novak, Roman and Bahri, Yasaman and Abolafia, Daniel A and Pennington, Jeffrey and Sohl-Dickstein, Jascha},
  journal={arXiv preprint arXiv:1802.08760},
  year={2018}
}

@article{hanin2019deep,
  title={Deep relu networks have surprisingly few activation patterns},
  author={Hanin, Boris and Rolnick, David},
  journal={Advances in neural information processing systems},
  volume={32},
  year={2019}
}

@inproceedings{hanin2019complexity,
  title={Complexity of linear regions in deep networks},
  author={Hanin, Boris and Rolnick, David},
  booktitle={International Conference on Machine Learning},
  pages={2596--2604},
  year={2019},
  organization={PMLR}
}

@article{zhang2020empirical,
  title={Empirical studies on the properties of linear regions in deep neural networks},
  author={Zhang, Xiao and Wu, Dongrui},
  journal={arXiv preprint arXiv:2001.01072},
  year={2020}
}

@inproceedings{he2018decision,
  title={Decision boundary analysis of adversarial examples},
  author={He, Warren and Li, Bo and Song, Dawn},
  booktitle={International Conference on Learning Representations},
  year={2018}
}

@article{ortiz2020hold,
  title={Hold me tight! Influence of discriminative features on deep network boundaries},
  author={Ortiz-Jimenez, Guillermo and Modas, Apostolos and Moosavi, Seyed-Mohsen and Frossard, Pascal},
  journal={Advances in Neural Information Processing Systems},
  volume={33},
  pages={2935--2946},
  year={2020}
}

@inproceedings{guan2020analysis,
  title={Analysis of generalizability of deep neural networks based on the complexity of decision boundary},
  author={Guan, Shuyue and Loew, Murray},
  booktitle={2020 19th IEEE International Conference on Machine Learning and Applications (ICMLA)},
  pages={101--106},
  year={2020},
  organization={IEEE}
}

@inproceedings{karimi2020decision,
  title={Decision boundary of deep neural networks: Challenges and opportunities},
  author={Karimi, Hamid and Tang, Jiliang},
  booktitle={Proceedings of the 13th International Conference on Web Search and Data Mining},
  pages={919--920},
  year={2020}
}

@article{takahashi2011construction,
  title={Construction of convex hull classifiers in high dimensions},
  author={Takahashi, Tetsuji and Kudo, Mineichi and Nakamura, Atsuyoshi},
  journal={Pattern recognition letters},
  volume={32},
  number={16},
  pages={2224--2230},
  year={2011},
  publisher={Elsevier}
}

@article{zengin2022super,
  title={Super-k: A piecewise linear classifier based on Voronoi tessellations},
  author={Zengin, Rahman Salim and Sezer, Volkan},
  journal={Neurocomputing},
  volume={481},
  pages={67--76},
  year={2022},
  publisher={Elsevier}
}

@Manual{GEOS,
  title = {{GEOS} coordinate transformation software library},
  author = {{GEOS contributors}},
  organization = {Open Source Geospatial Foundation},
  year = {2021},
  url = {https://libgeos.org/},
}

@misc{Dua:2019 ,
author = "Dua, Dheeru and Graff, Casey",
year = "2017",
title = "{UCI} Machine Learning Repository",
url = "http://archive.ics.uci.edu/ml",
institution = "University of California, Irvine, School of Information and Computer Sciences" }

