
@inproceedings{new1,
  title={A survey of self-supervised learning from multiple perspectives: Algorithms, theory, applications and future trends},
  author={Gui, Jie and Chen, Tuo and Cao, Qiong and Sun, Zhenan and Luo, Hao and Tao, Dacheng},
  eprint={2301.05712},
  year={2023},
}


@article{new2,
  title={Self-supervised learning for point cloud data: A survey},
  author={Zeng, Changyu and Wang, Wei and Nguyen, Anh and Yue, Yutao},
  journal={Expert Systems with Applications},
  pages={121354},
  year={2023},
}


@inproceedings{new3,
  title={A Survey of the Impact of Self-Supervised Pretraining for Diagnostic Tasks with Radiological Images},
  author={VanBerlo, Blake and Hoey, Jesse and Wong, Alexander},
   eprint={2309.02555},
  year={2023}
}


@article{b1,
    author = {Liu, Shuo and Mallol-Ragolta, Adria and Parada-Cabaleiro, Emilia and Qian, Kun and Jing, Xin and Kathan, Alexander and Hu, Bin and Schuller, Bjoern W},
    title = {Audio self-supervised learning: A survey},
    journal = {Patterns},
    volume={3},
    number={12},
    year={2022},
 pages        = {100616}
 
}


@article{b2,
    author = {Madeline Chantry Schiappa and Yogesh Singh Rawat and Mubarak Shah},
    title = {Self-Supervised Learning for Videos: A Survey},
    journal = {ACM Computing Surveys},
     volume={55},
  number={12},
  year={2022},
pages={1 - 37}
}

@inproceedings{b3,
  title = 	 {A Simple Framework for Contrastive Learning of Visual Representations},
  author =       {Chen, Ting and Kornblith, Simon and Norouzi, Mohammad and Hinton, Geoffrey},
  booktitle = 	 { International Conference on Machine Learning},
  pages = 	 {1597--1607},
  year = 	 {2020},

}

@inproceedings{b4,
  title={Momentum contrast for unsupervised visual representation learning},
  author={He, Kaiming and Fan, Haoqi and Wu, Yuxin and Xie, Saining and Girshick, Ross},
  booktitle={ {IEEE/CVF} Conference on Computer Vision and Pattern Recognition},
  pages={9729--9738},
  year={2020},

}


@inproceedings{b5,
  title={Improved baselines with momentum contrastive learning},
  author={Chen, Xinlei and Fan, Haoqi and Girshick, Ross and He, Kaiming},
  eprint={2003.04297},
  year={2020}
}


@inproceedings{b6,
  title={Bootstrap your own latent-a new approach to self-supervised learning},
  author={Grill, Jean-Bastien and Strub, Florian and Altch{\'e}, Florent and Tallec, Corentin and Richemond, Pierre and Buchatskaya, Elena and Doersch, Carl and Avila Pires, Bernardo and Guo, Zhaohan and Gheshlaghi Azar, Mohammad and others},
   booktitle={Advances in Neural Information Processing Systems},
  pages={21271--21284},
  year={2020},

}

@inproceedings{b7,
  title={Exploring simple siamese representation learning},
  author={Chen, Xinlei and He, Kaiming},
  booktitle={{IEEE/CVF} Conference on Computer Vision and Pattern Recognition},
  pages={15750--15758},
  year={2021},
}

@inproceedings{b8,
  title={Barlow twins: Self-supervised learning via redundancy reduction},
  author={Zbontar, Jure and Jing, Li and Misra, Ishan and LeCun, Yann and Deny, St{\'e}phane},
  booktitle={International Conference on Machine Learning},
  pages={12310--12320},
  year={2021}

}



@inproceedings{b9,
title={{VICR}eg: Variance-Invariance-Covariance Regularization for Self-Supervised Learning},
author={Adrien Bardes and Jean Ponce and Yann LeCun},
booktitle={International Conference on Learning Representations},
year={2022},

}

@inproceedings{b10,
  title={Dual temperature helps contrastive learning without many negative samples: Towards understanding and simplifying moco},
  author={Zhang, Chaoning and Zhang, Kang and Pham, Trung X and Niu, Axi and Qiao, Zhinan and Yoo, Chang D and Kweon, In So},
  booktitle={IEEE/CVF Conference on Computer Vision and Pattern Recognition},
  pages={14441--14450},
  year={2022}
}
@inproceedings{b11,
  title={Decoupled contrastive learning},
  author={Yeh, Chun-Hsiao and Hong, Cheng-Yao and Hsu, Yen-Chi and Liu, Tyng-Luh and Chen, Yubei and LeCun, Yann},
  booktitle={European Conference on Computer Vision},
  pages={668--684},
  year={2022},
  organization={Springer}
}
@inproceedings{b12,
  title={With a little help from my friends: Nearest-neighbor contrastive learning of visual representations},
  author={Dwibedi, Debidatta and Aytar, Yusuf and Tompson, Jonathan and Sermanet, Pierre and Zisserman, Andrew},
  booktitle={{IEEE/CVF} International Conference on Computer Vision},
  pages={9588--9597},
  year={2021},

}
@inproceedings{b13,
  title={Mean shift for self-supervised learning},
  author={Koohpayegani, Soroush Abbasi and Tejankar, Ajinkya and Pirsiavash, Hamed},
  booktitle={{IEEE/CVF} International Conference on Computer Vision},
  pages={10326--10335},
  year={2021}
}

@inproceedings{b14,
  title={Mine your own view: Self-supervised learning through across-sample prediction},
  author={Azabou, Mehdi and Azar, Mohammad Gheshlaghi and Liu, Ran and Lin, Chi-Heng and Johnson, Erik C and Bhaskaran-Nair, Kiran and Dabagia, Max and Avila-Pires, Bernardo and Kitchell, Lindsey and Hengen, Keith B and others},
  eprint={2102.10106 },
  year={2021},

}

```
@inproceedings{b15,
  title={Soft Neighbors are Positive Supporters in Contrastive Visual Representation Learning},
  author={Chongjian, GE and Wang, Jiangliu and Tong, Zhan and Chen, Shoufa and Song, Yibing and Luo, Ping},
  booktitle={ International Conference on Learning Representations},
  year={2023}
}
```

@inproceedings{b16,
  title={Incremental False Negative Detection for Contrastive Learning},
  author={Chen, Tsai-Shien and Hung, Wei-Chih and Tseng, Hung-Yu and Chien, Shao-Yi and Yang, Ming-Hsuan},
  booktitle={International Conference on Learning Representations},
  year={2022}
}

@inproceedings{b17,
  title={Boosting contrastive self-supervised learning with false negative cancellation},
  author={Huynh, Tri and Kornblith, Simon and Walter, Matthew R and Maire, Michael and Khademi, Maryam},
  booktitle={ IEEE/CVF Winter Conference on Applications of Computer Vision},
  pages={2785--2795},
  year={2022}
}


@inproceedings{b18,
  title={Hard negative mixing for contrastive learning},
  author={Kalantidis, Yannis and Sariyildiz, Mert Bulent and Pion, Noe and Weinzaepfel, Philippe and Larlus, Diane},
  booktitle={Advances in Neural Information Processing Systems},
 
  pages={21798--21809},
  year={2020},

}

@inproceedings{b19,
  title={Debiased contrastive learning},
  author={Chuang, Ching-Yao and Robinson, Joshua and Lin, Yen-Chen and Torralba, Antonio and Jegelka, Stefanie},
  booktitle={Advances in Neural Information Processing Systems},
  pages={8765--8775},
  year={2020},

}
@inproceedings{b20,
  title={Contrastive learning with hard negative samples},
  author={Robinson, Joshua and Chuang, Ching-Yao and Sra, Suvrit and Jegelka, Stefanie},
  booktitle = {International Conference on Learning Representations},
  year={2021},
  pages={1--29},

}

@inproceedings{b21,
  title={Bayesian Self-Supervised Contrastive Learning},
  author={Liu, Bin and Wang, Bang},

   eprint	={2301.11673},
  year={2023}

}





@inproceedings{b22,
  title={Unsupervised learning of visual features by contrasting cluster assignments},
  author={Caron, Mathilde and Misra, Ishan and Mairal, Julien and Goyal, Priya and Bojanowski, Piotr and Joulin, Armand},
   booktitle={Advances in Neural Information Processing Systems},
  pages={9912--9924},
  year={2020},

} 

@inproceedings{b23,
  title={MixCo: Mix-up Contrastive Learning for Visual Representation },
  author={Kim, Sungnyun and Lee, Gihun and Bae, Sangmin and Yun, Se-Young},

  archivePrefix		= "arXiv",
   eprint	="2010.06300",

  year={2020},

}


@inproceedings{b24,
  title={Improving contrastive learning by visualizing feature transformation},
  author={Zhu, Rui and Zhao, Bingchen and Liu, Jingen and Sun, Zhenglong and Chen, Chang Wen},
  booktitle={ IEEE/CVF International Conference on Computer Vision},
  pages={10306--10315},
  year={2021}
}



@inproceedings{b25,
    author = {Jacob Devlin and
                  Ming{-}Wei Chang and
                  Kenton Lee and
                  Kristina Toutanova},
    title = {{BERT:} Pre-training of Deep Bidirectional Transformers for Language
                  Understanding},
  booktitle={The North American Chapter of the Association for 
Computational Linguistics},
    journal = {Association for Computational Linguistics},
  year={2019},
pages={4171--4186}
}


@inproceedings{b26,
  title={Learning transferable visual models from natural language supervision},
  author={Radford, Alec and Kim, Jong Wook and Hallacy, Chris and Ramesh, Aditya and Goh, Gabriel and Agarwal, Sandhini and Sastry, Girish and Askell, Amanda and Mishkin, Pamela and Clark, Jack and others},
  booktitle={International Conference on Machine Learning},
  pages={8748--8763},
  year={2021},

}

@inproceedings{b27,
  title={Learning multiple layers of features from tiny images},
  author={Krizhevsky, Alex and Hinton, Geoffrey and others},
  year={2009},
  pages={1--60},
}

@article{b28,
  title={Tiny imagenet visual recognition challenge},
  author={Le, Ya and Yang, Xuan},
  journal={CS 231N},
  volume={7},
  number={7},
  pages={3},
  year={2015}
}


@inproceedings{b29,
  title={Deep residual learning for image recognition},
  author={He, Kaiming and Zhang, Xiangyu and Ren, Shaoqing and Sun, Jian},
  booktitle={{IEEE/CVF} Conference on Computer Vision and Pattern Recognition},
  pages={770--778},
  year={2016},

}

@inproceedings{b30,
  title={Batch normalization: Accelerating deep network training by reducing internal covariate shift},
  author={Ioffe, Sergey and Szegedy, Christian},
  
 booktitle = 	 { International Conference on Machine Learning},
  pages={448--456},
  year={2015},
 
}


@inproceedings{b31,
  title={Crafting better contrastive views for siamese representation learning},
  author={Peng, Xiangyu and Wang, Kai and Zhu, Zheng and Wang, Mang and You, Yang},
  booktitle={IEEE/CVF Conference on Computer Vision and Pattern Recognition},
  pages={16031--16040},
  year={2022}
}

@inproceedings{b32,
  title={Leverage your local and global representations: A new self-supervised learning strategy},
  author={Zhang, Tong and Qiu, Congpei and Ke, Wei and S{\"u}sstrunk, Sabine and Salzmann, Mathieu},
  booktitle={Proceedings of the IEEE/CVF Conference on Computer Vision and Pattern Recognition},
  pages={16580--16589},
  year={2022}
}