@article{polu2020generative,
  title={Generative language modeling for automated theorem proving},
  author={Polu, Stanislas and Sutskever, Ilya},
  journal={arXiv preprint arXiv:2009.03393},
  year={2020}
}

@article{zheng2021minif2f,
  title={MiniF2F: a cross-system benchmark for formal Olympiad-level mathematics},
  author={Zheng, Kunhao and Han, Jesse Michael and Polu, Stanislas},
  journal={arXiv preprint arXiv:2109.00110},
  year={2021}
}

@manual{megill2019metamath,
  author={Norman D. Megill and David A. Wheeler},
  title={Metamath: A Computer Language for Pure Mathematics},
  year={2019},
  url={http://us.metamath.org/downloads/metamath.pdf},
}

@misc{liquidtensor,
  author={Scholze, Peter},
  title={Liquid tensor experiment},
  year={2020},
  howpublished={\url{https://xenaproject.wordpress.com/2020/12/05/liquid-tensor-experiment/}},
}

@misc{perfectoidspaces,
  author={Buzzard, Kevin and Commelin, Johan and Massot, Patrick},
  title={Lean Perfectoid Spaces},
  year={2019},
  howpublished={\url{https://leanprover-community.github.io/lean-perfectoid-spaces/}},
}

@misc{leanprover,
  title={Lean Theorem Prover},
  howpublished={\url{https://leanprover.github.io/about/}},
}

@article{han2021proof,
  title={Proof Artifact Co-training for Theorem Proving with Language Models},
  author={Han, Jesse Michael and Rute, Jason and Wu, Yuhuai and Ayers, Edward W and Polu, Stanislas},
  journal={arXiv preprint arXiv:2102.06203},
  year={2021}
}

@inproceedings{de2015lean,
  title={The Lean theorem prover (system description)},
  author={de Moura, Leonardo and Kong, Soonho and Avigad, Jeremy and Van Doorn, Floris and von Raumer, Jakob},
  booktitle={International Conference on Automated Deduction},
  pages={378--388},
  year={2015},
  organization={Springer}
}

@inproceedings{karras2019style,
  title={A style-based generator architecture for generative adversarial networks},
  author={Karras, Tero and Laine, Samuli and Aila, Timo},
  booktitle={Proceedings of the IEEE/CVF Conference on Computer Vision and Pattern Recognition},
  pages={4401--4410},
  year={2019}
}

@article{ramesh2021zero,
  title={Zero-shot text-to-image generation},
  author={Ramesh, Aditya and Pavlov, Mikhail and Goh, Gabriel and Gray, Scott and Voss, Chelsea and Radford, Alec and Chen, Mark and Sutskever, Ilya},
  journal={arXiv preprint arXiv:2102.12092},
  year={2021}
}

@inproceedings{tan2019efficientnet,
  title={Efficientnet: Rethinking model scaling for convolutional neural networks},
  author={Tan, Mingxing and Le, Quoc},
  booktitle={International Conference on Machine Learning},
  pages={6105--6114},
  year={2019},
  organization={PMLR}
}

@article{radford2021learning,
  title={Learning transferable visual models from natural language supervision},
  author={Radford, Alec and Kim, Jong Wook and Hallacy, Chris and Ramesh, Aditya and Goh, Gabriel and Agarwal, Sandhini and Sastry, Girish and Askell, Amanda and Mishkin, Pamela and Clark, Jack and others},
  journal={arXiv preprint arXiv:2103.00020},
  year={2021}
}

@article{radford2019language,
  title={Language models are unsupervised multitask learners},
  author={Radford, Alec and Wu, Jeffrey and Child, Rewon and Luan, David and Amodei, Dario and Sutskever, Ilya},
  journal={OpenAI Blog},
  volume={1},
  number={8},
  pages={9},
  year={2019}
}

@article{devlin2018bert,
  title={Bert: Pre-training of deep bidirectional transformers for language understanding},
  author={Devlin, Jacob and Chang, Ming-Wei and Lee, Kenton and Toutanova, Kristina},
  journal={arXiv preprint arXiv:1810.04805},
  year={2018}
}

@article{brown2020language,
  title={Language models are few-shot learners},
  author={Brown, Tom B and Mann, Benjamin and Ryder, Nick and Subbiah, Melanie and Kaplan, Jared and Dhariwal, Prafulla and Neelakantan, Arvind and Shyam, Pranav and Sastry, Girish and Askell, Amanda and others},
  journal={arXiv preprint arXiv:2005.14165},
  year={2020}
}

@inproceedings{anthony2017thinking,
  title={Thinking fast and slow with deep learning and tree search},
  author={Anthony, Thomas and Tian, Zheng and Barber, David},
  booktitle={Advances in Neural Information Processing Systems},
  pages={5360--5370},
  year={2017}
}

@article{wu2016google,
  title={Google's neural machine translation system: Bridging the gap between human and machine translation},
  author={Wu, Yonghui and Schuster, Mike and Chen, Zhifeng and Le, Quoc V and Norouzi, Mohammad and Macherey, Wolfgang and Krikun, Maxim and Cao, Yuan and Gao, Qin and Macherey, Klaus and others},
  journal={arXiv preprint arXiv:1609.08144},
  year={2016}
}

@article{wu2020int,
  title={Int: An inequality benchmark for evaluating generalization in theorem proving},
  author={Wu, Yuhuai and Jiang, Albert Qiaochu and Ba, Jimmy and Grosse, Roger},
  journal={arXiv preprint arXiv:2007.02924},
  year={2020}
}

@manual{aopsv1,
  author={Lehoczky, Sandor and Rusczyk, Richard},
  title={The Art of Problem Solving, Volume 1: the Basics},
  note={ISBN:978-0-9773045-6-1},
}

@manual{aopsv2,
  author={Lehoczky, Sandor and Rusczyk, Richard},
  title={The Art of Problem Solving, Volume 2: and Beyond},
  note={ISBN:978-0-9773045-8-5},
}

@article{hendrycks2021measuring,
  title={Measuring mathematical problem solving with the math dataset},
  author={Hendrycks, Dan and Burns, Collin and Kadavath, Saurav and Arora, Akul and Basart, Steven and Tang, Eric and Song, Dawn and Steinhardt, Jacob},
  journal={arXiv preprint arXiv:2103.03874},
  year={2021}
}

@article{silver2016mastering,
  title={Mastering the game of Go with deep neural networks and tree search},
  author={Silver, David and Huang, Aja and Maddison, Chris J and Guez, Arthur and Sifre, Laurent and Van Den Driessche, George and Schrittwieser, Julian and Antonoglou, Ioannis and Panneershelvam, Veda and Lanctot, Marc and others},
  journal={nature},
  volume={529},
  number={7587},
  pages={484--489},
  year={2016},
  publisher={Nature Publishing Group}
}

@article{browne2012survey,
  title={A survey of monte carlo tree search methods},
  author={Browne, Cameron B and Powley, Edward and Whitehouse, Daniel and Lucas, Simon M and Cowling, Peter I and Rohlfshagen, Philipp and Tavener, Stephen and Perez, Diego and Samothrakis, Spyridon and Colton, Simon},
  journal={IEEE Transactions on Computational Intelligence and AI in games},
  volume={4},
  number={1},
  pages={1--43},
  year={2012},
  publisher={IEEE}
}

@article{vinyals2019grandmaster,
  title={Grandmaster level in StarCraft II using multi-agent reinforcement learning},
  author={Vinyals, Oriol and Babuschkin, Igor and Czarnecki, Wojciech M and Mathieu, Micha{\"e}l and Dudzik, Andrew and Chung, Junyoung and Choi, David H and Powell, Richard and Ewalds, Timo and Georgiev, Petko and others},
  journal={Nature},
  volume={575},
  number={7782},
  pages={350--354},
  year={2019},
  publisher={Nature Publishing Group}
}

@article{berner2019dota,
  title={Dota 2 with large scale deep reinforcement learning},
  author={Berner, Christopher and Brockman, Greg and Chan, Brooke and Cheung, Vicki and D{\k{e}}biak, Przemys{\l}aw and Dennison, Christy and Farhi, David and Fischer, Quirin and Hashme, Shariq and Hesse, Chris and others},
  journal={arXiv preprint arXiv:1912.06680},
  year={2019}
}

@article{silver2017mastering,
  title={Mastering chess and shogi by self-play with a general reinforcement learning algorithm},
  author={Silver, David and Hubert, Thomas and Schrittwieser, Julian and Antonoglou, Ioannis and Lai, Matthew and Guez, Arthur and Lanctot, Marc and Sifre, Laurent and Kumaran, Dharshan and Graepel, Thore and others},
  journal={arXiv preprint arXiv:1712.01815},
  year={2017}
}

@article{firoiu2021training,
  title={Training a First-Order Theorem Prover from Synthetic Data},
  author={Firoiu, Vlad and Aygun, Eser and Anand, Ankit and Ahmed, Zafarali and Glorot, Xavier and Orseau, Laurent and Zhang, Lei and Precup, Doina and Mourad, Shibl},
  journal={arXiv preprint arXiv:2103.03798},
  year={2021}
}

@inproceedings{harrison2014history,
  title={History of Interactive Theorem Proving.},
  author={Harrison, John and Urban, Josef and Wiedijk, Freek},
  booktitle={Computational Logic},
  volume={9},
  pages={135--214},
  year={2014}
}

@inproceedings{irving2016deepmath,
  title={Deepmath-deep sequence models for premise selection},
  author={Irving, Geoffrey and Szegedy, Christian and Alemi, Alexander A and E{\'e}n, Niklas and Chollet, Fran{\c{c}}ois and Urban, Josef},
  booktitle={Advances in Neural Information Processing Systems},
  pages={2235--2243},
  year={2016}
}

@inproceedings{wang2017premise,
  title={Premise selection for theorem proving by deep graph embedding},
  author={Wang, Mingzhe and Tang, Yihe and Wang, Jian and Deng, Jia},
  booktitle={Advances in Neural Information Processing Systems},
  pages={2786--2796},
  year={2017}
}

@article{selsam2018learning,
  title={Learning a SAT solver from single-bit supervision},
  author={Selsam, Daniel and Lamm, Matthew and B{\"u}nz, Benedikt and Liang, Percy and de Moura, Leonardo and Dill, David L},
  journal={arXiv preprint arXiv:1802.03685},
  year={2018}
}

@article{loos2017deep,
  title={Deep network guided proof search},
  author={Loos, Sarah and Irving, Geoffrey and Szegedy, Christian and Kaliszyk, Cezary},
  journal={arXiv preprint arXiv:1701.06972},
  year={2017}
}

@inproceedings{bansal2019holist,
  title={HOList: An environment for machine learning of higher order logic theorem proving},
  author={Bansal, Kshitij and Loos, Sarah and Rabe, Markus and Szegedy, Christian and Wilcox, Stewart},
  booktitle={International Conference on Machine Learning},
  pages={454--463},
  year={2019}
}

@article{bansal2019learning,
  title={Learning to reason in large theories without imitation},
  author={Bansal, Kshitij and Loos, Sarah M and Rabe, Markus N and Szegedy, Christian},
  journal={arXiv preprint arXiv:1905.10501},
  year={2019}
}

@article{rabe2020language,
  title={Mathematical Reasoning via Self-supervised Skip-tree Training},
  author={Rabe, Markus N and Lee, Dennis and Bansal, Kshitij and Szegedy, Christian},
  journal={arXiv preprint arXiv:2006.04757},
  year={2020}
}

@article{huang2018gamepad,
  title={Gamepad: A learning environment for theorem proving},
  author={Huang, Daniel and Dhariwal, Prafulla and Song, Dawn and Sutskever, Ilya},
  journal={arXiv preprint arXiv:1806.00608},
  year={2018}
}

@article{yang2019learning,
  title={Learning to prove theorems via interacting with proof assistants},
  author={Yang, Kaiyu and Deng, Jia},
  journal={arXiv preprint arXiv:1905.09381},
  year={2019}
}

@article{urban2020first,
  title={First Neural Conjecturing Datasets and Experiments},
  author={Urban, Josef and Jakubův, Jan},
  journal={arXiv preprint arXiv:2005.14664},
  year={2020}
}

@article{li2020modelling,
  title={Modelling High-Level Mathematical Reasoning in Mechanised Declarative Proofs},
  author={Li, Wenda and Yu, Lei and Wu, Yuhuai and Paulson, Lawrence C},
  journal={arXiv preprint arXiv:2006.09265},
  year={2020}
}

@article{carbone1996cuts,
  title={Making proofs without Modus Ponens: An introduction to the combinatorics and complexity of cut elimination},
  author={Alessandra Carbone and S. Semmes},
  journal={Bulletin of the American Mathematical Society},
  year={1996},
  volume={34},
  pages={131-159}
}

@article{czechowski2021subgoal,
  title={Subgoal Search For Complex Reasoning Tasks},
  author={Czechowski, Konrad and Odrzyg{\'o}{\'z}d{\'z}, Tomasz and Zbysi{\'n}ski, Marek and Zawalski, Micha{\l} and Olejnik, Krzysztof and Wu, Yuhuai and Kucinski, Lukasz and Mi{\l}o{\'s}, Piotr},
  journal={Advances in Neural Information Processing Systems},
  volume={34},
  year={2021}
}

@article{kaplan2020scaling,
  title={Scaling laws for neural language models},
  author={Kaplan, Jared and McCandlish, Sam and Henighan, Tom and Brown, Tom B and Chess, Benjamin and Child, Rewon and Gray, Scott and Radford, Alec and Wu, Jeffrey and Amodei, Dario},
  journal={arXiv preprint arXiv:2001.08361},
  year={2020}
}