% This file was created with JabRef 2.10.
% Encoding: UTF-8

@inproceedings{zhou2019continuity,
  title={On the continuity of rotation representations in neural networks},
  author={Zhou, Yi and Barnes, Connelly and Lu, Jingwan and Yang, Jimei and Li, Hao},
  booktitle={CVPR},
  year={2019}
}

@inproceedings{qi2017pointnet,
  title={Pointnet: Deep learning on point sets for 3d classification and segmentation},
  author={Qi, Charles R and Su, Hao and Mo, Kaichun and Guibas, Leonidas J},
  booktitle={CVPR},
  year={2017}
}

@article{kingma2013auto,
  title={Auto-encoding variational bayes},
  author={Kingma, Diederik P and Welling, Max},
  journal={arXiv},
  year={2013}
}

@inproceedings{chao2021dexycb,
  title={DexYCB: A benchmark for capturing hand grasping of objects},
  author={Chao, Yu-Wei and Yang, Wei and Xiang, Yu and Molchanov, Pavlo and Handa, Ankur and Tremblay, Jonathan and Narang, Yashraj S and Van Wyk, Karl and Iqbal, Umar and Birchfield, Stan and others},
  booktitle={CVPR},
  year={2021}
}

@inproceedings{calli2015ycb,
  title={The ycb object and model set: Towards common benchmarks for manipulation research},
  author={Calli, Berk and Singh, Arjun and Walsman, Aaron and Srinivasa, Siddhartha and Abbeel, Pieter and Dollar, Aaron M},
  booktitle={ICRA},
  year={2015},
}


@inproceedings{jiang2021hand,
  title={Hand-object contact consistency reasoning for human grasps generation},
  author={Jiang, Hanwen and Liu, Shaowei and Wang, Jiashun and Wang, Xiaolong},
  booktitle={ICCV},
  year={2021}
}

@article{wu2022learning,
  title={Learning Generalizable Dexterous Manipulation from Human Grasp Affordance},
  author={Wu, Yueh-Hua and Wang, Jiashun and Wang, Xiaolong},
  journal={CORL},
  year={2022}
}

@article{salisbury1982articulated,
  title={Articulated hands: Force control and kinematic issues},
  author={Salisbury, J Kenneth and Craig, John J},
  journal={The International Journal of Robotics Research},
  year={1982},
}

@article{mason1985robot,
  title={Robot hands and the mechanics of manipulation},
  author={Mason, Matthew T and Salisbury Jr, J Kenneth},
  year={1985},
  publisher={The MIT Press, Cambridge, MA}
}

@book{maciejowski2002predictive,
  title={Predictive control: with constraints},
  author={Maciejowski, Jan Marian},
  year={2002},
  publisher={Pearson education}
}

@article{lavalle1998rapidly,
  title={Rapidly-exploring random trees: A new tool for path planning},
  author={LaValle, Steven M and others},
  year={1998},
  publisher={Ames, IA, USA}
}

@article{rubinstein1999cross,
  title={The cross-entropy method for combinatorial and continuous optimization},
  author={Rubinstein, Reuven},
  journal={Methodology and Computing in Applied Probability},
  year={1999},
}

@inproceedings{kumar2016optimal,
  title={Optimal control with learned local models: Application to dexterous manipulation},
  author={Kumar, Vikash and Todorov, Emanuel and Levine, Sergey},
  booktitle={ICRA},
  year={2016},
  organization={IEEE}
}

@inproceedings{xiang2020sapien,
  title={Sapien: A simulated part-based interactive environment},
  author={Xiang, Fanbo and Qin, Yuzhe and Mo, Kaichun and Xia, Yikuan and Zhu, Hao and Liu, Fangchen and Liu, Minghua and Jiang, Hanxiao and Yuan, Yifu and Wang, He and others},
  booktitle={CVPR},
  year={2020}
}

@article{kumar2016learning,
  title={Learning dexterous manipulation policies from experience and imitation},
  author={Kumar, Vikash and Gupta, Abhishek and Todorov, Emanuel and Levine, Sergey},
  journal={arXiv},
  year={2016}
}

@inproceedings{calli2018path,
  title={Path planning for within-hand manipulation over learned representations of safe states},
  author={Calli, Berk and Kimmel, Andrew and Hang, Kaiyu and Bekris, Kostas and Dollar, Aaron},
  booktitle={International Symposium on Experimental Robotics},
  year={2018},
  organization={Springer}
}

@inproceedings{chen2019learning,
  title={Learning implicit fields for generative shape modeling},
  author={Chen, Zhiqin and Zhang, Hao},
  booktitle={CVPR},
  year={2019}
}

@incollection{lu2020planning,
  title={Planning multi-fingered grasps as probabilistic inference in a learned deep network},
  author={Lu, Qingkai and Chenna, Kautilya and Sundaralingam, Balakumar and Hermans, Tucker},
  booktitle={Robotics Research},
  year={2020},
}

@inproceedings{varley2015generating,
  title={Generating multi-fingered robotic grasps via deep learning},
  author={Varley, Jacob and Weisz, Jonathan and Weiss, Jared and Allen, Peter},
  booktitle={IROS},
  year={2015},
}


@article{rus1999hand,
  title={In-hand dexterous manipulation of piecewise-smooth 3-D objects},
  author={Rus, Daniela},
  journal={The International Journal of Robotics Research},
  year={1999}
}

@inproceedings{okamura2000overview,
  title={An overview of dexterous manipulation},
  author={Okamura, Allison M and Smaby, Niels and Cutkosky, Mark R},
  booktitle={ICRA},
  year={2000}
}

@inproceedings{Dogar2010,
  title     = {Push-grasping with dexterous hands: Mechanics and a method},
  author    = {Dogar, Mehmet R and Srinivasa, Siddhartha S},
  booktitle = {IROS},
  year      = {2010}
}

@article{Andrews2013,
  title     = {Goal directed multi-finger manipulation: Control policies and analysis},
  author    = {Andrews, Sheldon and Kry, Paul G},
  journal   = {Computers \& Graphics},
  year      = {2013}
}

@inproceedings{dafle2014extrinsic,
  title={Extrinsic dexterity: In-hand manipulation with external forces},
  author={Dafle, Nikhil Chavan and Rodriguez, Alberto and Paolini, Robert and Tang, Bowei and Srinivasa, Siddhartha S and Erdmann, Michael and Mason, Matthew T and Lundberg, Ivan and Staab, Harald and Fuhlbrigge, Thomas},
  booktitle={ICRA},
  year={2014},
}

@inproceedings{Bai2014,
  title     = {Dexterous manipulation using both palm and fingers},
  author    = {Bai, Yunfei and Liu, C Karen},
  booktitle = {ICRA},
  year      = {2014}
}

@inproceedings{gupta2016learning,
  title={Learning dexterous manipulation for a soft robotic hand from human demonstrations},
  author={Gupta, Abhishek and Eppner, Clemens and Levine, Sergey and Abbeel, Pieter},
  booktitle={IROS},
  year={2016},
}

@article{rajeswaran2017learning,
  title={Learning complex dexterous manipulation with deep reinforcement learning and demonstrations},
  author={Rajeswaran, Aravind and Kumar, Vikash and Gupta, Abhishek and Vezzani, Giulia and Schulman, John and Todorov, Emanuel and Levine, Sergey},
  journal={arXiv},
  year={2017}
}

@article{sohn2015learning,
  title={Learning structured output representation using deep conditional generative models},
  author={Sohn, Kihyuk and Lee, Honglak and Yan, Xinchen},
  journal={NeurIPS},
  year={2015}
}

@inproceedings{nagabandi2020deep,
  title={Deep dynamics models for learning dexterous manipulation},
  author={Nagabandi, Anusha and Konolige, Kurt and Levine, Sergey and Kumar, Vikash},
  booktitle={CORL},
  year={2020},
}

@inproceedings{chen2022system,
  title={A system for general in-hand object re-orientation},
  author={Chen, Tao and Xu, Jie and Agrawal, Pulkit},
  booktitle={CORL},
  year={2022},
}

@article{huang2021generalization,
  title={Generalization in Dexterous Manipulation via Geometry-Aware Multi-Task Learning},
  author={Huang, Wenlong and Mordatch, Igor and Abbeel, Pieter and Pathak, Deepak},
  journal={arXiv},
  year={2021}
}

@inproceedings{christen2019guided,
  title={Guided deep reinforcement learning of control policies for dexterous human-robot interaction},
  author={Christen, Sammy and Stev{\v{s}}i{\'c}, Stefan and Hilliges, Otmar},
  booktitle={ICRA},
  year={2019},
}

@inproceedings{garcia2020physics,
  title={Physics-based dexterous manipulations with estimated hand poses and residual reinforcement learning},
  author={Garcia-Hernando, Guillermo and Johns, Edward and Kim, Tae-Kyun},
  booktitle={IROS},
  year={2020},
}

@inproceedings{christen2022d,
  title={D-Grasp: Physically Plausible Dynamic Grasp Synthesis for Hand-Object Interactions},
  author={Christen, Sammy and Kocabas, Muhammed and Aksan, Emre and Hwangbo, Jemin and Song, Jie and Hilliges, Otmar},
  booktitle={CVPR},
  year={2022}
}

@article{wu2021saga,
  title={SAGA: Stochastic Whole-Body Grasping with Contact},
  author={Wu, Yan and Wang, Jiahao and Zhang, Yan and Zhang, Siwei and Hilliges, Otmar and Yu, Fisher and Tang, Siyu},
  journal={arXiv},
  year={2021}
}

@inproceedings{taheri2022goal,
  title={GOAL: Generating 4D Whole-Body Motion for Hand-Object Grasping},
  author={Taheri, Omid and Choutas, Vasileios and Black, Michael J and Tzionas, Dimitrios},
  booktitle={CVPR},
  year={2022}
}

@inproceedings{hsiao2006imitation,
  title={Imitation learning of whole-body grasps},
  author={Hsiao, Kaijen and Lozano-Perez, Tomas},
  booktitle={IROS},
  year={2006},
}

@article{sivakumar2022robotic,
  title={Robotic telekinesis: learning a robotic hand imitator by watching humans on Youtube},
  author={Sivakumar, Aravind and Shaw, Kenneth and Pathak, Deepak},
  journal={arXiv},
  year={2022}
}

@article{qin2021dexmv,
  title={DexMV: Imitation Learning for Dexterous Manipulation from Human Videos},
  author={Qin, Yuzhe and Wu, Yueh-Hua and Liu, Shaowei and Jiang, Hanwen and Yang, Ruihan and Fu, Yang and Wang, Xiaolong},
  journal={ECCV},
  year={2022}
}

@article{qin2022one,
  title={From One Hand to Multiple Hands: Imitation Learning for Dexterous Manipulation from Single-Camera Teleoperation},
  author={Qin, Yuzhe and Su, Hao and Wang, Xiaolong},
  journal={RA-L},
  year={2022}
}

@inproceedings{karunratanakul2020grasping,
  title={Grasping field: Learning implicit representations for human grasps},
  author={Karunratanakul, Korrawe and Yang, Jinlong and Zhang, Yan and Black, Michael J and Muandet, Krikamol and Tang, Siyu},
  booktitle={3DV},
  year={2020}
}

@article{Openai2018,
  title     = {Learning dexterous in-hand manipulation},
  author    = {OpenAI and Andrychowicz, Marcin and Baker, Bowen and Chociej, Maciek and JÃ³zefowicz, RafaÅ and McGrew, Bob and Pachocki, Jakub and Petron, Arthur and Plappert, Matthias and Powell, Glenn and Ray, Alex and Schneider, Jonas and Sidor, Szymon and Tobin, Josh and Welinder, Peter and Weng, Lilian and Zaremba, Wojciech},
  journal   = {arXiv},
  year      = {2018}
}
@article{Openai2019,
  title     = {Solving Rubik's Cube with a Robot Hand},
  author    = {OpenAI and Ilge Akkaya and Marcin Andrychowicz and Maciek Chociej and Mateusz Litwin and Bob McGrew and Arthur Petron and Alex Paino and Matthias Plappert and Glenn Powell and Raphael Ribas and Jonas Schneider and Nikolas Tezak and Jerry Tworek and Peter Welinder and Lilian Weng and Qiming Yuan and Wojciech Zaremba and Lei Zhang},
  journal   = {arXiv},
  year      = {2019}
}

@inproceedings{kappler2015leveraging,
  title={Leveraging big data for grasp planning},
  author={Kappler, Daniel and Bohg, Jeannette and Schaal, Stefan},
  booktitle={ICRA},
  year={2015},
}

@inproceedings{brahmbhatt2019contactgrasp,
  title={Contactgrasp: Functional multi-finger grasp synthesis from contact},
  author={Brahmbhatt, Samarth and Handa, Ankur and Hays, James and Fox, Dieter},
  booktitle={IROS},
  year={2019},
}

@inproceedings{taheri2020grab,
  title={GRAB: A dataset of whole-body human grasping of objects},
  author={Taheri, Omid and Ghorbani, Nima and Black, Michael J and Tzionas, Dimitrios},
  booktitle={ECCV},
  year={2020},
}

@article{zhang2021manipnet,
  title={ManipNet: neural manipulation synthesis with a hand-object spatial representation},
  author={Zhang, He and Ye, Yuting and Shiratori, Takaaki and Komura, Taku},
  journal={ACM Transactions on Graphics (TOG)},
  year={2021},
}

@article{ye2012synthesis,
  title={Synthesis of detailed hand manipulations using contact sampling},
  author={Ye, Yuting and Liu, C Karen},
  journal={ACM Transactions on Graphics (TOG)},
  year={2012},
}

@article{schmeckpeper2020reinforcement,
  title={Reinforcement Learning with Videos: Combining Offline Observations with Interaction},
  author={Schmeckpeper, Karl and Rybkin, Oleh and Daniilidis, Kostas and Levine, Sergey and Finn, Chelsea},
  journal={arXiv},
  year={2020}
}


@inproceedings{shao2020concept,
 title={Concept2Robot: Learning Manipulation Concepts from Instructions and Human Demonstrations},
 author={Shao, Lin and Migimatsu, Toki and Zhang, Qiang and Yang, Karen and Bohg, Jeannette},
 booktitle={RSS},
 year={2020},}

@article{young2020visual,
  title={Visual imitation made easy},
  author={Young, Sarah and Gandhi, Dhiraj and Tulsiani, Shubham and Gupta, Abhinav and Abbeel, Pieter and Pinto, Lerrel},
  journal={arXiv},
  year={2020}
}

@inproceedings{mandikal2021learning,
  title={Learning dexterous grasping with object-centric visual affordances},
  author={Mandikal, Priyanka and Grauman, Kristen},
  booktitle={ICRA},
  year={2021},
}
@inproceedings{chen2021learning,
  title={Learning continuous image representation with local implicit image function},
  author={Chen, Yinbo and Liu, Sifei and Wang, Xiaolong},
  booktitle={CVPR},
  year={2021}
}

@inproceedings{chan2021pi,
  title={pi-gan: Periodic implicit generative adversarial networks for 3d-aware image synthesis},
  author={Chan, Eric R and Monteiro, Marco and Kellnhofer, Petr and Wu, Jiajun and Wetzstein, Gordon},
  booktitle={CVPR},
  year={2021}
}

@article{dupont2021generative,
  title={Generative models as distributions of functions},
  author={Dupont, Emilien and Teh, Yee Whye and Doucet, Arnaud},
  journal={arXiv},
  year={2021}
}

@inproceedings{park2019deepsdf,
  title={Deepsdf: Learning continuous signed distance functions for shape representation},
  author={Park, Jeong Joon and Florence, Peter and Straub, Julian and Newcombe, Richard and Lovegrove, Steven},
  booktitle={CVPR},
  year={2019}
}

@inproceedings{mescheder2019occupancy,
  title={Occupancy networks: Learning 3d reconstruction in function space},
  author={Mescheder, Lars and Oechsle, Michael and Niemeyer, Michael and Nowozin, Sebastian and Geiger, Andreas},
  booktitle={CVPR},
  year={2019}
}

@inproceedings{mildenhall2020nerf,
  title={Nerf: Representing scenes as neural radiance fields for view synthesis},
  author={Mildenhall, Ben and Srinivasan, Pratul P and Tancik, Matthew and Barron, Jonathan T and Ramamoorthi, Ravi and Ng, Ren},
  booktitle={ECCV},
  year={2020},
}

@inproceedings{grady2021contactopt,
  title={Contactopt: Optimizing contact to improve grasps},
  author={Grady, Patrick and Tang, Chengcheng and Twigg, Christopher D and Vo, Minh and Brahmbhatt, Samarth and Kemp, Charles C},
  booktitle={CVPR},
  year={2021}
}

@inproceedings{yang2021cpf,
  title={Cpf: Learning a contact potential field to model the hand-object interaction},
  author={Yang, Lixin and Zhan, Xinyu and Li, Kailin and Xu, Wenqiang and Li, Jiefeng and Lu, Cewu},
  booktitle={ICCV},
  year={2021}
}

@inproceedings{Sohn2015LearningSO,
  title={Learning Structured Output Representation using Deep Conditional Generative Models},
  author={Kihyuk Sohn and H. Lee and Xinchen Yan},
  booktitle={NeurIPS},
  year={2015}
}

@inproceedings{li20223d,
  title={3d neural scene representations for visuomotor control},
  author={Li, Yunzhu and Li, Shuang and Sitzmann, Vincent and Agrawal, Pulkit and Torralba, Antonio},
  booktitle={CORL},
  year={2022},
}

@article{adamkiewicz2022vision,
  title={Vision-only robot navigation in a neural radiance world},
  author={Adamkiewicz, Michal and Chen, Timothy and Caccavale, Adam and Gardner, Rachel and Culbertson, Preston and Bohg, Jeannette and Schwager, Mac},
  journal={RA-L},
  year={2022},
}

@article{li2021learning,
  title={Learning continuous environment fields via implicit functions},
  author={Li, Xueting and De Mello, Shalini and Wang, Xiaolong and Yang, Ming-Hsuan and Kautz, Jan and Liu, Sifei},
  journal={ICLR},
  year={2022}
}

@article{jiang2021synergies,
  title={Synergies between affordance and geometry: 6-dof grasp detection via implicit representations},
  author={Jiang, Zhenyu and Zhu, Yifeng and Svetlik, Maxwell and Fang, Kuan and Zhu, Yuke},
  journal={arXiv},
  year={2021}
}

@article{simeonov2021neural,
  title={Neural descriptor fields: Se (3)-equivariant object representations for manipulation},
  author={Simeonov, Anthony and Du, Yilun and Tagliasacchi, Andrea and Tenenbaum, Joshua B and Rodriguez, Alberto and Agrawal, Pulkit and Sitzmann, Vincent},
  journal={ICRA},
  year={2022}
}

@article{miller2004graspit,
  title={Graspit! a versatile simulator for robotic grasping},
  author={Miller, Andrew T and Allen, Peter K},
  journal={Robotics \& Automation Magazine},
  year={2004},
  publisher={IEEE}
}

@inproceedings{ciocarlie2007dexterous,
  title={Dexterous grasping via eigengrasps: A low-dimensional approach to a high-complexity problem},
  author={Ciocarlie, Matei and Goldfeder, Corey and Allen, Peter},
  booktitle={RSS Workshop},
  year={2007}
}

@inproceedings{kuffner2000rrt,
  title={RRT-connect: An efficient approach to single-query path planning},
  author={Kuffner, James J and LaValle, Steven M},
  booktitle={ICRA},
  year={2000},
}

@article{flash1985coordination,
  title={The coordination of arm movements: an experimentally confirmed mathematical model},
  author={Flash, Tamar and Hogan, Neville},
  journal={Journal of neuroscience},
  year={1985},
}

@article{piazzi2000global,
  title={Global minimum-jerk trajectory planning of robot manipulators},
  author={Piazzi, Aurelio and Visioli, Antonio},
  journal={IEEE transactions on industrial electronics},
  year={2000},
}

@article{wei2022dvgg,
  title={DVGG: Deep variational grasp generation for dextrous manipulation},
  author={Wei, Wei and Li, Daheng and Wang, Peng and Li, Yiming and Li, Wanyi and Luo, Yongkang and Zhong, Jun},
  journal={RA-L},
  year={2022},
}

@inproceedings{DBLP:conf/rss/MorrisonLC18,
  author    = {Douglas Morrison and
               Juxi Leitner and
               Peter Corke},
  title     = {Closing the Loop for Robotic Grasping: {A} Real-time, Generative Grasp
               Synthesis Approach},
  booktitle = {RSS},
  year      = {2018},
}

@article{Kingma2013AutoEncodingVB,
  title={Auto-Encoding Variational Bayes},
  author={Diederik P. Kingma and Max Welling},
  journal={arxiv},
  year={2013},
}

@inproceedings{Pu2016VariationalAF,
  title={Variational Autoencoder for Deep Learning of Images, Labels and Captions},
  author={Yunchen Pu and Zhe Gan and Ricardo Henao and Xin Yuan and Chunyuan Li and Andrew Stevens and Lawrence Carin},
  booktitle={NIPS},
  year={2016}
}

@article{Wu2022LearningDA,
  title={Learning Diverse and Physically Feasible Dexterous Grasps with Generative Model and Bilevel Optimization},
  author={Albert Wu and Michelle Guo and C. Karen Liu},
  journal={ArXiv},
  year={2022},
  volume={abs/2207.00195}
}