@article{yan2020does,
  title={Does unsupervised architecture representation learning help neural architecture search?},
  author={Yan, Shen and Zheng, Yu and Ao, Wei and Zeng, Xiao and Zhang, Mi},
  journal={Advances in neural information processing systems},
  volume={33},
  pages={12486--12498},
  year={2020}
}

@article{he2023gnn,
  title={A GNN-based predictor for quantum architecture search},
  author={He, Zhimin and Zhang, Xuefen and Chen, Chuangtao and Huang, Zhiming and Zhou, Yan and Situ, Haozhen},
  journal={Quantum Information Processing},
  volume={22},
  number={2},
  pages={128},
  year={2023},
  publisher={Springer}
}

@article{zhang2021neural,
  title={Neural predictor based quantum architecture search},
  author={Zhang, Shi-Xin and Hsieh, Chang-Yu and Zhang, Shengyu and Yao, Hong},
  journal={Machine Learning: Science and Technology},
  volume={2},
  number={4},
  pages={045027},
  year={2021},
  publisher={IOP Publishing}
}

@article{zhang2022differentiable,
  title={Differentiable quantum architecture search},
  author={Zhang, Shi-Xin and Hsieh, Chang-Yu and Zhang, Shengyu and Yao, Hong},
  journal={Quantum Science and Technology},
  volume={7},
  number={4},
  pages={045023},
  year={2022},
  publisher={IOP Publishing}
}

@inproceedings{zhu2022brief,
  title={A Brief Survey of Quantum Architecture Search},
  author={Zhu, Weiwei and Pi, Jiangtao and Peng, Qiuyuan},
  booktitle={Proceedings of the 6th International Conference on Algorithms, Computing and Systems},
  pages={1--5},
  year={2022}
}

@article{kuo2021quantum,
  title={Quantum architecture search via deep reinforcement learning},
  author={Kuo, En-Jui and Fang, Yao-Lung L and Chen, Samuel Yen-Chi},
  journal={arXiv preprint arXiv:2104.07715},
  year={2021}
}

@article{kipf2016variational,
  title={Variational graph auto-encoders},
  author={Kipf, Thomas N and Welling, Max},
  journal={arXiv preprint arXiv:1611.07308},
  year={2016}
}

@inproceedings{falkner2018bohb,
  title={BOHB: Robust and efficient hyperparameter optimization at scale},
  author={Falkner, Stefan and Klein, Aaron and Hutter, Frank},
  booktitle={International conference on machine learning},
  pages={1437--1446},
  year={2018},
  organization={PMLR}
}

@article{Tilly_2022,
  doi = {10.1016/j.physrep.2022.08.003},
  year = 2022,
  month = {nov},
  publisher = {Elsevier {BV}},
  volume = {986},
  pages = {1--128},
  author = {Jules Tilly and Hongxiang Chen and Shuxiang Cao and Dario Picozzi and Kanav Setia and Ying Li and Edward Grant and Leonard Wossnig and Ivan Rungger and George H. Booth and Jonathan Tennyson},
  title = {The Variational Quantum Eigensolver: A review of methods and best practices},
  journal = {Physics Reports}
}

@article{Amaro_2022,
  doi = {10.1140/epjqt/s40507-022-00123-4},
  year = 2022,
  month = {feb},
  publisher = {Springer Science and Business Media {LLC}},
  volume = {9},
  number = {1},
  author = {David Amaro and Matthias Rosenkranz and Nathan Fitzpatrick and Koji Hirano and Mattia Fiorentini},
  title = {A case study of variational quantum algorithms for a job shop scheduling problem},
  journal = {{EPJ} Quantum Technology}
}

@INPROCEEDINGS{9996795,
  author={Pramanik, Sayantan and Chandra, M Girish and Sridhar, C V and Kulkarni, Aniket and Sahoo, Prabin and Vishwa, Chethan D V and Sharma, Hrishikesh and Navelkar, Vidyut and Poojary, Sudhakara and Shah, Pranav and Nambiar, Manoj},
  booktitle={2022 IEEE/ACM 7th Symposium on Edge Computing (SEC)}, 
  title={A Quantum-Classical Hybrid Method for Image Classification and Segmentation}, 
  year={2022},
  volume={},
  number={},
  pages={450-455},
  doi={10.1109/SEC54971.2022.00068}}

@inproceedings{nguyen2021top,
  title={Top-k ranking Bayesian optimization},
  author={Nguyen, Quoc Phong and Tay, Sebastian and Low, Bryan Kian Hsiang and Jaillet, Patrick},
  booktitle={Proceedings of the AAAI Conference on Artificial Intelligence},
  volume={35},
  number={10},
  pages={9135--9143},
  year={2021}
}

@inproceedings{snoek2015scalable,
  title={Scalable bayesian optimization using deep neural networks},
  author={Snoek, Jasper and Rippel, Oren and Swersky, Kevin and Kiros, Ryan and Satish, Nadathur and Sundaram, Narayanan and Patwary, Mostofa and Prabhat, Mr and Adams, Ryan},
  booktitle={International conference on machine learning},
  pages={2171--2180},
  year={2015},
  organization={PMLR}
}

@article{williams1992simple,
  title={Simple statistical gradient-following algorithms for connectionist reinforcement learning},
  author={Williams, Ronald J},
  journal={Machine learning},
  volume={8},
  pages={229--256},
  year={1992},
  publisher={Springer}
}

@inproceedings{zhang2021sample,
  title={Sample efficient reinforcement learning with REINFORCE},
  author={Zhang, Junzi and Kim, Jongho and O'Donoghue, Brendan and Boyd, Stephen},
  booktitle={Proceedings of the AAAI conference on artificial intelligence},
  volume={35},
  number={12},
  pages={10887--10895},
  year={2021}
}

@article{jiang2021learning,
  title={Learning graph representations of biochemical networks and its application to enzymatic link prediction},
  author={Jiang, Julie and Liu, Li-Ping and Hassoun, Soha},
  journal={Bioinformatics},
  volume={37},
  number={6},
  pages={793--799},
  year={2021},
  publisher={Oxford University Press}
}

@article{shen2023uniskgrep,
  title={UniSKGRep: A unified representation learning framework of social network and knowledge graph},
  author={Shen, Yinghan and Jiang, Xuhui and Li, Zijian and Wang, Yuanzhuo and Xu, Chengjin and Shen, Huawei and Cheng, Xueqi},
  journal={Neural Networks},
  volume={158},
  pages={142--153},
  year={2023},
  publisher={Elsevier}
}

@article{li2021towards,
  title={Towards purchase prediction: A transaction-based setting and a graph-based method leveraging price information},
  author={Li, Zongxi and Xie, Haoran and Xu, Guandong and Li, Qing and Leng, Mingming and Zhou, Chi},
  journal={Pattern Recognition},
  volume={113},
  pages={107824},
  year={2021},
  publisher={Elsevier}
}

@article{newman2001structure,
  title={The structure of scientific collaboration networks},
  author={Newman, Mark EJ},
  journal={Proceedings of the national academy of sciences},
  volume={98},
  number={2},
  pages={404--409},
  year={2001},
  publisher={National Acad Sciences}
}

@inproceedings{perozzi2014deepwalk,
  title={Deepwalk: Online learning of social representations},
  author={Perozzi, Bryan and Al-Rfou, Rami and Skiena, Steven},
  booktitle={Proceedings of the 20th ACM SIGKDD international conference on Knowledge discovery and data mining},
  pages={701--710},
  year={2014}
}

@inproceedings{wang2016structural,
  title={Structural deep network embedding},
  author={Wang, Daixin and Cui, Peng and Zhu, Wenwu},
  booktitle={Proceedings of the 22nd ACM SIGKDD international conference on Knowledge discovery and data mining},
  pages={1225--1234},
  year={2016}
}

@inproceedings{grover2016node2vec,
  title={node2vec: Scalable feature learning for networks},
  author={Grover, Aditya and Leskovec, Jure},
  booktitle={Proceedings of the 22nd ACM SIGKDD international conference on Knowledge discovery and data mining},
  pages={855--864},
  year={2016}
}

@inproceedings{tang2015line,
  title={Line: Large-scale information network embedding},
  author={Tang, Jian and Qu, Meng and Wang, Mingzhe and Zhang, Ming and Yan, Jun and Mei, Qiaozhu},
  booktitle={Proceedings of the 24th international conference on world wide web},
  pages={1067--1077},
  year={2015}
}

@article{hamilton2017inductive,
  title={Inductive representation learning on large graphs},
  author={Hamilton, Will and Ying, Zhitao and Leskovec, Jure},
  journal={Advances in neural information processing systems},
  volume={30},
  year={2017}
}

@article{velivckovic2018deep,
  title={Deep graph infomax},
  author={Veli{\v{c}}kovi{\'c}, Petar and Fedus, William and Hamilton, William L and Li{\`o}, Pietro and Bengio, Yoshua and Hjelm, R Devon},
  journal={arXiv preprint arXiv:1809.10341},
  year={2018}
}

@article{sun2019infograph,
  title={Infograph: Unsupervised and semi-supervised graph-level representation learning via mutual information maximization},
  author={Sun, Fan-Yun and Hoffmann, Jordan and Verma, Vikas and Tang, Jian},
  journal={arXiv preprint arXiv:1908.01000},
  year={2019}
}

@inproceedings{peng2020graph,
  title={Graph representation learning via graphical mutual information maximization},
  author={Peng, Zhen and Huang, Wenbing and Luo, Minnan and Zheng, Qinghua and Rong, Yu and Xu, Tingyang and Huang, Junzhou},
  booktitle={Proceedings of The Web Conference 2020},
  pages={259--270},
  year={2020}
}

@article{leman1968reduction,
  title={A reduction of a graph to a canonical form and an algebra arising during this reduction},
  author={Leman, AA and Weisfeiler, Boris},
  journal={Nauchno-Technicheskaya Informatsiya},
  volume={2},
  number={9},
  pages={12--16},
  year={1968}
}

@article{stilck2021limitations,
  title={Limitations of optimization algorithms on noisy quantum devices},
  author={Stilck Fran{\c{c}}a, Daniel and Garcia-Patron, Raul},
  journal={Nature Physics},
  volume={17},
  number={11},
  pages={1221--1227},
  year={2021},
  publisher={Nature Publishing Group UK London}
}

@article{mcclean2018barren,
  title={Barren plateaus in quantum neural network training landscapes},
  author={McClean, Jarrod R and Boixo, Sergio and Smelyanskiy, Vadim N and Babbush, Ryan and Neven, Hartmut},
  journal={Nature communications},
  volume={9},
  number={1},
  pages={4812},
  year={2018},
  publisher={Nature Publishing Group UK London}
}

@article{wang2021noise,
  title={Noise-induced barren plateaus in variational quantum algorithms},
  author={Wang, Samson and Fontana, Enrico and Cerezo, Marco and Sharma, Kunal and Sone, Akira and Cincio, Lukasz and Coles, Patrick J},
  journal={Nature communications},
  volume={12},
  number={1},
  pages={6961},
  year={2021},
  publisher={Nature Publishing Group UK London}
}

@article{benedetti2019parameterized,
  title={Parameterized quantum circuits as machine learning models},
  author={Benedetti, Marcello and Lloyd, Erika and Sack, Stefan and Fiorentini, Mattia},
  journal={Quantum Science and Technology},
  volume={4},
  number={4},
  pages={043001},
  year={2019},
  publisher={IOP Publishing}
}

@article{sim2019expressibility,
  title={Expressibility and entangling capability of parameterized quantum circuits for hybrid quantum-classical algorithms},
  author={Sim, Sukin and Johnson, Peter D and Aspuru-Guzik, Al{\'a}n},
  journal={Advanced Quantum Technologies},
  volume={2},
  number={12},
  pages={1900070},
  year={2019},
  publisher={Wiley Online Library}
}

@article{mitarai2018quantum,
  title={Quantum circuit learning},
  author={Mitarai, Kosuke and Negoro, Makoto and Kitagawa, Masahiro and Fujii, Keisuke},
  journal={Physical Review A},
  volume={98},
  number={3},
  pages={032309},
  year={2018},
  publisher={APS}
}

@article{tang2021qubit,
  title={qubit-adapt-vqe: An adaptive algorithm for constructing hardware-efficient ans{\"a}tze on a quantum processor},
  author={Tang, Ho Lun and Shkolnikov, VO and Barron, George S and Grimsley, Harper R and Mayhall, Nicholas J and Barnes, Edwin and Economou, Sophia E},
  journal={PRX Quantum},
  volume={2},
  number={2},
  pages={020310},
  year={2021},
  publisher={APS}
}

@article{zhang2022evolutionary,
  title={Evolutionary-based quantum architecture search},
  author={Zhang, Anqi and Zhao, Shengmei},
  journal={arXiv preprint arXiv:2212.00421},
  year={2022}
}

@inproceedings{ding2022evolutionary,
  title={Evolutionary quantum architecture search for parametrized quantum circuits},
  author={Ding, Li and Spector, Lee},
  booktitle={Proceedings of the Genetic and Evolutionary Computation Conference Companion},
  pages={2190--2195},
  year={2022}
}

@article{ostaszewski2021reinforcement,
  title={Reinforcement learning for optimization of variational quantum circuit architectures},
  author={Ostaszewski, Mateusz and Trenkwalder, Lea M and Masarczyk, Wojciech and Scerri, Eleanor and Dunjko, Vedran},
  journal={Advances in Neural Information Processing Systems},
  volume={34},
  pages={18182--18194},
  year={2021}
}

@article{duong2022quantum,
  title={Quantum neural architecture search with quantum circuits metric and bayesian optimization},
  author={Duong, Trong and Truong, Sang T and Tam, Minh and Bach, Bao and Ryu, Ju-Young and Rhee, June-Koo Kevin},
  journal={arXiv preprint arXiv:2206.14115},
  year={2022}
}

@article{peruzzo2014variational,
  title={A variational eigenvalue solver on a photonic quantum processor},
  author={Peruzzo, Alberto and McClean, Jarrod and Shadbolt, Peter and Yung, Man-Hong and Zhou, Xiao-Qi and Love, Peter J and Aspuru-Guzik, Al{\'a}n and O’brien, Jeremy L},
  journal={Nature communications},
  volume={5},
  number={1},
  pages={4213},
  year={2014},
  publisher={Nature Publishing Group UK London}
}

@article{tilly2022variational,
  title={The variational quantum eigensolver: a review of methods and best practices},
  author={Tilly, Jules and Chen, Hongxiang and Cao, Shuxiang and Picozzi, Dario and Setia, Kanav and Li, Ying and Grant, Edward and Wossnig, Leonard and Rungger, Ivan and Booth, George H and others},
  journal={Physics Reports},
  volume={986},
  pages={1--128},
  year={2022},
  publisher={Elsevier}
}

@article{liang2019quantum,
  title={Quantum fidelity measures for mixed states},
  author={Liang, Yeong-Cherng and Yeh, Yu-Hao and Mendon{\c{c}}a, Paulo EMF and Teh, Run Yan and Reid, Margaret D and Drummond, Peter D},
  journal={Reports on Progress in Physics},
  volume={82},
  number={7},
  pages={076001},
  year={2019},
  publisher={IOP Publishing}
}

@article{poljak1995solving,
  title={Solving the max-cut problem using eigenvalues},
  author={Poljak, Svatopluk and Rendl, Franz},
  journal={Discrete Applied Mathematics},
  volume={62},
  number={1-3},
  pages={249--278},
  year={1995},
  publisher={Elsevier}
}

@article{villalba2021improvement,
  title={Improvement of Quantum Approximate Optimization Algorithm for Max--Cut Problems},
  author={Villalba-Diez, Javier and Gonz{\'a}lez-Marcos, Ana and Ordieres-Mer{\'e}, Joaqu{\'\i}n B},
  journal={Sensors},
  volume={22},
  number={1},
  pages={244},
  year={2021},
  publisher={MDPI}
}

@article{radford2015unsupervised,
  title={Unsupervised representation learning with deep convolutional generative adversarial networks},
  author={Radford, Alec and Metz, Luke and Chintala, Soumith},
  journal={arXiv preprint arXiv:1511.06434},
  year={2015}
}

@article{zhang2019d,
  title={D-vae: A variational autoencoder for directed acyclic graphs},
  author={Zhang, Muhan and Jiang, Shali and Cui, Zhicheng and Garnett, Roman and Chen, Yixin},
  journal={Advances in Neural Information Processing Systems},
  volume={32},
  year={2019}
}

@inproceedings{you2020graph,
  title={Graph structure of neural networks},
  author={You, Jiaxuan and Leskovec, Jure and He, Kaiming and Xie, Saining},
  booktitle={International Conference on Machine Learning},
  pages={10881--10891},
  year={2020},
  organization={PMLR}
}

@article{pan2018adversarially,
  title={Adversarially regularized graph autoencoder for graph embedding},
  author={Pan, Shirui and Hu, Ruiqi and Long, Guodong and Jiang, Jing and Yao, Lina and Zhang, Chengqi},
  journal={arXiv preprint arXiv:1802.04407},
  year={2018}
}

@article{du2022quantum,
  title={Quantum circuit architecture search for variational quantum algorithms},
  author={Du, Yuxuan and Huang, Tao and You, Shan and Hsieh, Min-Hsiu and Tao, Dacheng},
  journal={npj Quantum Information},
  volume={8},
  number={1},
  pages={62},
  year={2022},
  publisher={Nature Publishing Group UK London}
}

@article{he2023gsqas,
  title={GSQAS: Graph Self-supervised Quantum Architecture Search},
  author={He, Zhimin and Deng, Maijie and Zheng, Shenggen and Li, Lvzhou and Situ, Haozhen},
  journal={arXiv preprint arXiv:2303.12381},
  year={2023}
}

@misc{schulman2017proximal,
      title={Proximal Policy Optimization Algorithms}, 
      author={John Schulman and Filip Wolski and Prafulla Dhariwal and Alec Radford and Oleg Klimov},
      year={2017},
      eprint={1707.06347},
      archivePrefix={arXiv},
      primaryClass={cs.LG}
}

@inproceedings{conf/ifip/Mockus77,
  added-at = {2002-01-03T00:00:00.000+0100},
  author = {Mockus, Jonas},
  biburl = {https://www.bibsonomy.org/bibtex/2a776886cfd8e847d3a79ad392ef33053/dblp},
  booktitle = {IFIP Congress},
  date = {2002-01-03},
  description = {dblp},
  interhash = {914a77f991db94f6aac6613c8d2dfe46},
  intrahash = {a776886cfd8e847d3a79ad392ef33053},
  keywords = {dblp},
  pages = {195-200},
  timestamp = {2002-01-03T00:00:00.000+0100},
  title = {On Bayesian Methods for Seeking the Extremum and their Application.},
  year = 1977
}

@article{Williams:92,
  added-at = {2016-11-26T13:13:30.000+0100},
  author = {Williams, {R.~J.}},
  biburl = {https://www.bibsonomy.org/bibtex/2ba2440baf2699b5d131a013e119aedae/machinelearning},
  interhash = {b90d65a735ae02a940f5075b0fd7ebe7},
  intrahash = {ba2440baf2699b5d131a013e119aedae},
  journal = {Machine Learning Journal},
  keywords = {ml},
  pages = {229--256},
  timestamp = {2016-11-26T13:17:02.000+0100},
  title = {Simple statistical gradient-following algorithms for connectionist reinforcement learning},
  volume = 8,
  year = 1992
}

@misc{huang2022a2c,
      title={A2C is a special case of PPO}, 
      author={Shengyi Huang and Anssi Kanervisto and Antonin Raffin and Weixun Wang and Santiago Ontañón and Rousslan Fernand Julien Dossa},
      year={2022},
      eprint={2205.09123},
      archivePrefix={arXiv},
      primaryClass={cs.LG}
}

@misc{xu2019powerful,
      title={How Powerful are Graph Neural Networks?}, 
      author={Keyulu Xu and Weihua Hu and Jure Leskovec and Stefanie Jegelka},
      year={2019},
      eprint={1810.00826},
      archivePrefix={arXiv},
      primaryClass={cs.LG}
}

@inproceedings{giovagnoli2023qneat,
  title={Qneat: Natural evolution of variational quantum circuit architecture},
  author={Giovagnoli, Alessandro and Tresp, Volker and Ma, Yunpu and Schubert, Matthias},
  booktitle={Proceedings of the Companion Conference on Genetic and Evolutionary Computation},
  pages={647--650},
  year={2023}
}

@article{wang2022review,
  title={Review of quantum image processing},
  author={Wang, Zhaobin and Xu, Minzhe and Zhang, Yaonan},
  journal={Archives of Computational Methods in Engineering},
  volume={29},
  number={2},
  pages={737--761},
  year={2022},
  publisher={Springer}
}

@article{skolik2022quantum,
  title={Quantum agents in the gym: a variational quantum algorithm for deep q-learning},
  author={Skolik, Andrea and Jerbi, Sofiene and Dunjko, Vedran},
  journal={Quantum},
  volume={6},
  pages={720},
  year={2022},
  publisher={Verein zur F{\"o}rderung des Open Access Publizierens in den Quantenwissenschaften}
}

@article{ma2019variational,
  title={Variational quantum circuit model for knowledge graph embedding},
  author={Ma, Yunpu and Tresp, Volker and Zhao, Liming and Wang, Yuyi},
  journal={Advanced Quantum Technologies},
  volume={2},
  number={7-8},
  pages={1800078},
  year={2019},
  publisher={Wiley Online Library}
}

@article{preskill2018quantum,
  title={Quantum computing in the NISQ era and beyond},
  author={Preskill, John},
  journal={Quantum},
  volume={2},
  pages={79},
  year={2018},
  publisher={Verein zur F{\"o}rderung des Open Access Publizierens in den Quantenwissenschaften}
}

@article{cerezo2021variational,
  title={Variational quantum algorithms},
  author={Cerezo, Marco and Arrasmith, Andrew and Babbush, Ryan and Benjamin, Simon C and Endo, Suguru and Fujii, Keisuke and McClean, Jarrod R and Mitarai, Kosuke and Yuan, Xiao and Cincio, Lukasz and others},
  journal={Nature Reviews Physics},
  volume={3},
  number={9},
  pages={625--644},
  year={2021},
  publisher={Nature Publishing Group UK London}
}

@article{shlens2014tutorial,
  title={A tutorial on principal component analysis},
  author={Shlens, Jonathon},
  journal={arXiv preprint arXiv:1404.1100},
  year={2014}
}

@article{van2008visualizing,
  title={Visualizing data using t-SNE.},
  author={Van der Maaten, Laurens and Hinton, Geoffrey},
  journal={Journal of machine learning research},
  volume={9},
  number={11},
  year={2008}
}

@article{yang2006unsupervised,
  title={Unsupervised possibilistic clustering},
  author={Yang, Miin-Shen and Wu, Kuo-Lung},
  journal={Pattern Recognition},
  volume={39},
  number={1},
  pages={5--21},
  year={2006},
  publisher={Elsevier}
}

@article{linderman2019clustering,
  title={Clustering with t-SNE, provably},
  author={Linderman, George C and Steinerberger, Stefan},
  journal={SIAM Journal on Mathematics of Data Science},
  volume={1},
  number={2},
  pages={313--332},
  year={2019},
  publisher={SIAM}
}

@article{stein2023benchmarking,
  title={Benchmarking Quantum Surrogate Models on Scarce and Noisy Data},
  author={Stein, Jonas and Poppel, Michael and Adamczyk, Philip and Fabry, Ramona and Wu, Zixin and K{\"o}lle, Michael and N{\"u}{\ss}lein, Jonas and Schuman, Dani{\"e}lle and Altmann, Philipp and Ehmer, Thomas and others},
  journal={arXiv preprint arXiv:2306.05042},
  year={2023}
}