%start CO
@book{papadimitriou1998combinatorial,
  title={Combinatorial optimization: algorithms and complexity},
  author={Papadimitriou, Christos H and Steiglitz, Kenneth},
  year={1998},
  publisher={Courier Corporation}
}

@article{naseri2020application,
  title={Application of combinatorial optimization strategies in synthetic biology},
  author={Naseri, Gita and Koffas, Mattheos AG},
  journal={Nature communications},
  volume={11},
  number={1},
  pages={1--14},
  year={2020},
  publisher={Nature Publishing Group}
}

@article{crama1997combinatorial,
  title={Combinatorial optimization models for production scheduling in automated manufacturing systems},
  author={Crama, Yves},
  journal={European Journal of Operational Research},
  volume={99},
  number={1},
  pages={136--153},
  year={1997},
  publisher={Elsevier}
}

% learning for CO

@article{hopfield1985neural,
  title={“Neural” computation of decisions in optimization problems},
  author={Hopfield, John J and Tank, David W},
  journal={Biological cybernetics},
  volume={52},
  number={3},
  pages={141--152},
  year={1985},
  publisher={Springer}
}

@article{smith1999neural,
  title={Neural networks for combinatorial optimization: a review of more than a decade of research},
  author={Smith, Kate A},
  journal={Informs journal on Computing},
  volume={11},
  number={1},
  pages={15--34},
  year={1999},
  publisher={INFORMS}
}

@article{vinyals2015pointer,
  title={Pointer networks},
  author={Vinyals, Oriol and Fortunato, Meire and Jaitly, Navdeep},
  journal={Advances in neural information processing systems},
  volume={28},
  year={2015}
}

% Rl CO
@article{mazyavkina2021reinforcement,
  title={Reinforcement learning for combinatorial optimization: A survey},
  author={Mazyavkina, Nina and Sviridov, Sergey and Ivanov, Sergei and Burnaev, Evgeny},
  journal={Computers \& Operations Research},
  volume={134},
  pages={105400},
  year={2021},
  publisher={Elsevier}
}

@article{bello2016neural,
  title={Neural combinatorial optimization with reinforcement learning},
  author={Bello, Irwan and Pham, Hieu and Le, Quoc V and Norouzi, Mohammad and Bengio, Samy},
  journal={arXiv preprint arXiv:1611.09940},
  year={2016}
}

@article{khalil2017learning,
  title={Learning combinatorial optimization algorithms over graphs},
  author={Khalil, Elias and Dai, Hanjun and Zhang, Yuyu and Dilkina, Bistra and Song, Le},
  journal={Advances in neural information processing systems},
  volume={30},
  year={2017}
}

@article{yolcu2019learning,
  title={Learning local search heuristics for boolean satisfiability},
  author={Yolcu, Emre and P{\'o}czos, Barnab{\'a}s},
  journal={Advances in Neural Information Processing Systems},
  volume={32},
  year={2019}
}

@inproceedings{yao2019experimental,
  title={Experimental performance of graph neural networks on random instances of max-cut},
  author={Yao, Weichi and Bandeira, Afonso S and Villar, Soledad},
  booktitle={Wavelets and Sparsity XVIII},
  volume={11138},
  pages={242--251},
  year={2019},
  organization={SPIE}
}

%GNN
@article{wu2020comprehensive,
  title={A comprehensive survey on graph neural networks},
  author={Wu, Zonghan and Pan, Shirui and Chen, Fengwen and Long, Guodong and Zhang, Chengqi and Philip, S Yu},
  journal={IEEE transactions on neural networks and learning systems},
  volume={32},
  number={1},
  pages={4--24},
  year={2020},
  publisher={IEEE}
}
@article{zhou2020graph,
  title={Graph neural networks: A review of methods and applications},
  author={Zhou, Jie and Cui, Ganqu and Hu, Shengding and Zhang, Zhengyan and Yang, Cheng and Liu, Zhiyuan and Wang, Lifeng and Li, Changcheng and Sun, Maosong},
  journal={AI Open},
  volume={1},
  pages={57--81},
  year={2020},
  publisher={Elsevier}
}

@article{karalias2020erdos,
  title={Erdos goes neural: an unsupervised learning framework for combinatorial optimization on graphs},
  author={Karalias, Nikolaos and Loukas, Andreas},
  journal={Advances in Neural Information Processing Systems},
  volume={33},
  pages={6659--6672},
  year={2020}
}

@article{wang2022unsupervised,
  title={Unsupervised Learning for Combinatorial Optimization with Principled Objective Relaxation},
  author={Wang, Haoyu and Wu, Nan and Yang, Hang and Hao, Cong and Li, Pan},
  journal={Advances in neural information processing systems},
  volume={35},
  year={2022}
}

@article{manchanda2022generalization,
  title={On the Generalization of Neural Combinatorial Optimization Heuristics},
  author={Manchanda, Sahil and Michel, Sofia and Drakulic, Darko and Andreoli, Jean-Marc},
  journal={arXiv preprint arXiv:2206.00787},
  year={2022}
}

@article{angelini2019monte,
  title={Monte Carlo algorithms are very effective in finding the largest independent set in sparse random graphs},
  author={Angelini, Maria Chiara and Ricci-Tersenghi, Federico},
  journal={Physical Review E},
  volume={100},
  number={1},
  pages={013302},
  year={2019},
  publisher={APS}
}

%SAT
@article{selsam2018learning,
  title={Learning a SAT solver from single-bit supervision},
  author={Selsam, Daniel and Lamm, Matthew and B{\"u}nz, Benedikt and Liang, Percy and de Moura, Leonardo and Dill, David L},
  journal={arXiv preprint arXiv:1802.03685},
  year={2018}
}
%MILP
@inproceedings{khalil2016learning,
  title={Learning to branch in mixed integer programming},
  author={Khalil, Elias and Le Bodic, Pierre and Song, Le and Nemhauser, George and Dilkina, Bistra},
  booktitle={Proceedings of the AAAI Conference on Artificial Intelligence},
  volume={30},
  number={1},
  year={2016}
}

@article{gasse2019exact,
  title={Exact combinatorial optimization with graph convolutional neural networks},
  author={Gasse, Maxime and Ch{\'e}telat, Didier and Ferroni, Nicola and Charlin, Laurent and Lodi, Andrea},
  journal={Advances in Neural Information Processing Systems},
  volume={32},
  year={2019}
}

@article{nair2020solving,
  title={Solving mixed integer programs using neural networks},
  author={Nair, Vinod and Bartunov, Sergey and Gimeno, Felix and von Glehn, Ingrid and Lichocki, Pawel and Lobov, Ivan and O'Donoghue, Brendan and Sonnerat, Nicolas and Tjandraatmadja, Christian and Wang, Pengming and others},
  journal={arXiv preprint arXiv:2012.13349},
  year={2020}
}

%routing
@article{chen2019learning,
  title={Learning to perform local rewriting for combinatorial optimization},
  author={Chen, Xinyun and Tian, Yuandong},
  journal={Advances in Neural Information Processing Systems},
  volume={32},
  year={2019}
}

@article{kool2018attention,
  title={Attention, learn to solve routing problems!},
  author={Kool, Wouter and Van Hoof, Herke and Welling, Max},
  journal={arXiv preprint arXiv:1803.08475},
  year={2018}
}

@article{joshi2019efficient,
  title={An efficient graph convolutional network technique for the travelling salesman problem},
  author={Joshi, Chaitanya K and Laurent, Thomas and Bresson, Xavier},
  journal={arXiv preprint arXiv:1906.01227},
  year={2019}
}



@article{hudson2021graph,
  title={Graph Neural Network Guided Local Search for the Traveling Salesperson Problem},
  author={Hudson, Benjamin and Li, Qingbiao and Malencia, Matthew and Prorok, Amanda},
  journal={arXiv preprint arXiv:2110.05291},
  year={2021}
}


% graph matching
@inproceedings{wang2019learning,
  title={Learning combinatorial embedding networks for deep graph matching},
  author={Wang, Runzhong and Yan, Junchi and Yang, Xiaokang},
  booktitle={Proceedings of the IEEE/CVF international conference on computer vision},
  pages={3056--3065},
  year={2019}
}

@article{wang2020combinatorial,
  title={Combinatorial learning of robust deep graph matching: an embedding based approach},
  author={Wang, Runzhong and Yan, Junchi and Yang, Xiaokang},
  journal={IEEE Transactions on Pattern Analysis and Machine Intelligence},
  year={2020},
  publisher={IEEE}
}

% drawback of supervision / poor generalization
@inproceedings{yehuda2020s,
  title={It’s not what machines can learn, it’s what we cannot teach},
  author={Yehuda, Gal and Gabel, Moshe and Schuster, Assaf},
  booktitle={International conference on machine learning},
  pages={10831--10841},
  year={2020},
  organization={PMLR}
}

@article{joshi2020learning,
  title={Learning TSP requires rethinking generalization},
  author={Joshi, Chaitanya K and Cappart, Quentin and Rousseau, Louis-Martin and Laurent, Thomas},
  journal={arXiv preprint arXiv:2006.07054},
  year={2020}
}
%nature

@article{schuetz2022combinatorial,
  title={Combinatorial optimization with physics-inspired graph neural networks},
  author={Schuetz, Martin JA and Brubaker, J Kyle and Katzgraber, Helmut G},
  journal={Nature Machine Intelligence},
  volume={4},
  number={4},
  pages={367--377},
  year={2022},
  publisher={Nature Publishing Group}
}


% other unsupervised
@inproceedings{amizadeh2018learning,
  title={Learning to solve circuit-SAT: An unsupervised differentiable approach},
  author={Amizadeh, Saeed and Matusevych, Sergiy and Weimer, Markus},
  booktitle={International Conference on Learning Representations},
  year={2018}
}

@article{toenshoff2021graph,
  title={Graph neural networks for maximum constraint satisfaction},
  author={Toenshoff, Jan and Ritzert, Martin and Wolf, Hinrikus and Grohe, Martin},
  journal={Frontiers in artificial intelligence},
  volume={3},
  pages={580607},
  year={2021},
  publisher={Frontiers Media SA}
}

% gnn expressive power limitation
@article{chen2020can,
  title={Can graph neural networks count substructures?},
  author={Chen, Zhengdao and Chen, Lei and Villar, Soledad and Bruna, Joan},
  journal={Advances in neural information processing systems},
  volume={33},
  pages={10383--10395},
  year={2020}
}
@inproceedings{srinivasan2019equivalence,
  title={On the Equivalence between Positional Node Embeddings and Structural Graph Representations},
  author={Srinivasan, Balasubramaniam and Ribeiro, Bruno},
  booktitle={International Conference on Learning Representations},
  year={2019}
}

@inproceedings{you2019position,
  title={Position-aware graph neural networks},
  author={You, Jiaxuan and Ying, Rex and Leskovec, Jure},
  booktitle={International conference on machine learning},
  pages={7134--7143},
  year={2019},
  organization={PMLR}
}
% local minima and global minima same

@inproceedings{choromanska2015loss,
  title={The loss surfaces of multilayer networks},
  author={Choromanska, Anna and Henaff, Mikael and Mathieu, Michael and Arous, G{\'e}rard Ben and LeCun, Yann},
  booktitle={Artificial intelligence and statistics},
  pages={192--204},
  year={2015},
  organization={PMLR}
}

@article{kawaguchi2019every,
  title={Every local minimum value is the global minimum value of induced model in nonconvex machine learning},
  author={Kawaguchi, Kenji and Huang, Jiaoyang and Kaelbling, Leslie Pack},
  journal={Neural Computation},
  volume={31},
  number={12},
  pages={2293--2323},
  year={2019},
  publisher={MIT Press One Rogers Street, Cambridge, MA 02142-1209, USA journals-info~…}
}
% response to nature
@article{angelini2022cracking,
  title={Cracking nuts with a sledgehammer: when modern graph neural networks do worse than classical greedy algorithms},
  author={Angelini, Maria Chiara and Ricci-Tersenghi, Federico},
  journal={arXiv preprint arXiv:2206.13211},
  year={2022}
}

% Rb model
@article{xu2007benchmarks,
  title={Benchmarks with hidden optimum solutions for graph problems},
  author={Xu, K BHOSLIB},
  journal={URL http://www. nlsde. buaa. edu. cn/kexu/benchmarks/graph-benchmarks. htm},
  year={2007}
}

% datasets
@article{morris2020tudataset,
  title={Tudataset: A collection of benchmark datasets for learning with graphs},
  author={Morris, Christopher and Kriege, Nils M and Bause, Franka and Kersting, Kristian and Mutzel, Petra and Neumann, Marion},
  journal={arXiv preprint arXiv:2007.08663},
  year={2020}
}

@inproceedings{yanardag2015deep,
  title={Deep graph kernels},
  author={Yanardag, Pinar and Vishwanathan, SVN},
  booktitle={Proceedings of the 21th ACM SIGKDD international conference on knowledge discovery and data mining},
  pages={1365--1374},
  year={2015}
}

@misc{leskovec2014snap,
  title={SNAP Datasets: Stanford large network dataset collection},
  author={Leskovec, Jure and Krevl, Andrej},
  year={2014},
  publisher={Ann Arbor, MI, USA}
}

% gurobi 
@misc{Gurobi,
  title = {Gurobi Optimizer Reference Manual},
  author = {Gurobi Optimization, LLC},
  year = {2022},
  journal = {URL https://www.gurobi.com}
}


% early meta learning
@article{andrychowicz2016learning,
  title={Learning to learn by gradient descent by gradient descent},
  author={Andrychowicz, Marcin and Denil, Misha and Gomez, Sergio and Hoffman, Matthew W and Pfau, David and Schaul, Tom and Shillingford, Brendan and De Freitas, Nando},
  journal={Advances in neural information processing systems},
  volume={29},
  year={2016}
}

@inproceedings{chen2017learning,
  title={Learning to learn without gradient descent by gradient descent},
  author={Chen, Yutian and Hoffman, Matthew W and Colmenarejo, Sergio G{\'o}mez and Denil, Misha and Lillicrap, Timothy P and Botvinick, Matt and Freitas, Nando},
  booktitle={International Conference on Machine Learning},
  pages={748--756},
  year={2017},
  organization={PMLR}
}

@inproceedings{hochreiter2001learning,
  title={Learning to learn using gradient descent},
  author={Hochreiter, Sepp and Younger, A Steven and Conwell, Peter R},
  booktitle={International conference on artificial neural networks},
  pages={87--94},
  year={2001},
  organization={Springer}
}

@inproceedings{schmidhuber1993neural,
  title={A neural network that embeds its own meta-levels},
  author={Schmidhuber, J{\"u}rgen},
  booktitle={IEEE International Conference on Neural Networks},
  pages={407--412},
  year={1993},
  organization={IEEE}
}

@article{snell2017prototypical,
  title={Prototypical networks for few-shot learning},
  author={Snell, Jake and Swersky, Kevin and Zemel, Richard},
  journal={Advances in neural information processing systems},
  volume={30},
  year={2017}
}

@article{vinyals2016matching,
  title={Matching networks for one shot learning},
  author={Vinyals, Oriol and Blundell, Charles and Lillicrap, Timothy and Wierstra, Daan and others},
  journal={Advances in neural information processing systems},
  volume={29},
  year={2016}
}

% maml
@inproceedings{finn2017model,
  title={Model-agnostic meta-learning for fast adaptation of deep networks},
  author={Finn, Chelsea and Abbeel, Pieter and Levine, Sergey},
  booktitle={International conference on machine learning},
  pages={1126--1135},
  year={2017},
  organization={PMLR}
}

@article{rajeswaran2019meta,
  title={Meta-learning with implicit gradients},
  author={Rajeswaran, Aravind and Finn, Chelsea and Kakade, Sham M and Levine, Sergey},
  journal={Advances in neural information processing systems},
  volume={32},
  year={2019}
}

@article{nichol2018first,
  title={On first-order meta-learning algorithms},
  author={Nichol, Alex and Achiam, Joshua and Schulman, John},
  journal={arXiv preprint arXiv:1803.02999},
  year={2018}
}

@article{rothfuss2018promp,
  title={Promp: Proximal meta-policy search},
  author={Rothfuss, Jonas and Lee, Dennis and Clavera, Ignasi and Asfour, Tamim and Abbeel, Pieter},
  journal={arXiv preprint arXiv:1810.06784},
  year={2018}
}

@article{jeong2020ood,
  title={OOD-MAML: Meta-learning for few-shot out-of-distribution detection and classification},
  author={Jeong, Taewon and Kim, Heeyoung},
  journal={Advances in Neural Information Processing Systems},
  volume={33},
  pages={3907--3916},
  year={2020}
}
@inproceedings{conklin2021meta,
  title={Meta-Learning to Compositionally Generalize},
  author={Conklin, Henry and Wang, Bailin and Smith, Kenny and Titov, Ivan},
  booktitle={ACL/IJCNLP (1)},
  year={2021}
}

@inproceedings{hsu2018unsupervised,
  title={Unsupervised Learning via Meta-Learning},
  author={Hsu, Kyle and Levine, Sergey and Finn, Chelsea},
  booktitle={International Conference on Learning Representations},
  year={2018}
}

% maml generalization
@article{wang2021fast,
  title={On fast adversarial robustness adaptation in model-agnostic meta-learning},
  author={Wang, Ren and Xu, Kaidi and Liu, Sijia and Chen, Pin-Yu and Weng, Tsui-Wei and Gan, Chuang and Wang, Meng},
  journal={arXiv preprint arXiv:2102.10454},
  year={2021}
}

@article{goldblum2020adversarially,
  title={Adversarially robust few-shot learning: A meta-learning approach},
  author={Goldblum, Micah and Fowl, Liam and Goldstein, Tom},
  journal={Advances in Neural Information Processing Systems},
  volume={33},
  pages={17886--17895},
  year={2020}
}

@article{selvaraju2016grad,
  title={Grad-CAM: Why did you say that?},
  author={Selvaraju, Ramprasaath R and Das, Abhishek and Vedantam, Ramakrishna and Cogswell, Michael and Parikh, Devi and Batra, Dhruv},
  journal={arXiv preprint arXiv:1611.07450},
  year={2016}
}

@article{finn2017meta,
  title={Meta-learning and universality: Deep representations and gradient descent can approximate any learning algorithm},
  author={Finn, Chelsea and Levine, Sergey},
  journal={arXiv preprint arXiv:1710.11622},
  year={2017}
}

@article{park2019meta,
  title={Meta-curvature},
  author={Park, Eunbyung and Oliva, Junier B},
  journal={Advances in Neural Information Processing Systems},
  volume={32},
  year={2019}
}

@inproceedings{gonzalez2020improved,
  title={Improved training speed, accuracy, and data utilization through loss function optimization},
  author={Gonzalez, Santiago and Miikkulainen, Risto},
  booktitle={2020 IEEE Congress on Evolutionary Computation (CEC)},
  pages={1--8},
  year={2020},
  organization={IEEE}
}

@article{farid2021generalization,
  title={Generalization bounds for meta-learning via PAC-bayes and uniform stability},
  author={Farid, Alec and Majumdar, Anirudha},
  journal={Advances in Neural Information Processing Systems},
  volume={34},
  pages={2173--2186},
  year={2021}
}

@article{denevi2018learning,
  title={Learning to learn around a common mean},
  author={Denevi, Giulia and Ciliberto, Carlo and Stamos, Dimitris and Pontil, Massimiliano},
  journal={Advances in Neural Information Processing Systems},
  volume={31},
  year={2018}
}

@inproceedings{rothfuss2021pacoh,
  title={PACOH: Bayes-optimal meta-learning with PAC-guarantees},
  author={Rothfuss, Jonas and Fortuin, Vincent and Josifoski, Martin and Krause, Andreas},
  booktitle={International Conference on Machine Learning},
  pages={9116--9126},
  year={2021},
  organization={PMLR}
}

@article{chen2021generalization,
  title={Generalization Bounds For Meta-Learning: An Information-Theoretic Analysis},
  author={Chen, Qi and Shui, Changjian and Marchand, Mario},
  journal={Advances in Neural Information Processing Systems},
  volume={34},
  pages={25878--25890},
  year={2021}
}

@article{fallah2021generalization,
  title={Generalization of model-agnostic meta-learning algorithms: Recurring and unseen tasks},
  author={Fallah, Alireza and Mokhtari, Aryan and Ozdaglar, Asuman},
  journal={Advances in Neural Information Processing Systems},
  volume={34},
  pages={5469--5480},
  year={2021}
}

% vertex cover application: sensror covering art gallery
@book{o1987art,
  title={Art gallery theorems and algorithms},
  author={O'rourke, Joseph},
  volume={57},
  year={1987},
  publisher={Oxford New York}
}

@inproceedings{yabuta2008optimum,
  title={Optimum camera placement considering camera specification for security monitoring},
  author={Yabuta, Kenichi and Kitazawa, Hitoshi},
  booktitle={2008 IEEE International Symposium on Circuits and Systems (ISCAS)},
  pages={2114--2117},
  year={2008},
  organization={IEEE}
}
% intricate landscape
@book{mezard2009information,
  title={Information, physics, and computation},
  author={Mezard, Marc and Montanari, Andrea},
  year={2009},
  publisher={Oxford University Press}
}

% gin
@inproceedings{xu2018powerful,
  title={How Powerful are Graph Neural Networks?},
  author={Xu, Keyulu and Hu, Weihua and Leskovec, Jure and Jegelka, Stefanie},
  booktitle={International Conference on Learning Representations},
  year={2019}
}

% CV interpretability
@inproceedings{chefer2021transformer,
  title={Transformer interpretability beyond attention visualization},
  author={Chefer, Hila and Gur, Shir and Wolf, Lior},
  booktitle={Proceedings of the IEEE/CVF Conference on Computer Vision and Pattern Recognition},
  pages={782--791},
  year={2021}
}


%%% new RL
@article{kwon2020pomo,
  title={Pomo: Policy optimization with multiple optima for reinforcement learning},
  author={Kwon, Yeong-Dae and Choo, Jinho and Kim, Byoungjip and Yoon, Iljoo and Gwon, Youngjune and Min, Seungjai},
  journal={Advances in Neural Information Processing Systems},
  volume={33},
  year={2020}
}
@article{ma2021learning,
  title={Learning to Iteratively Solve Routing Problems with Dual-Aspect Collaborative Transformer},
  author={Ma, Yining and Li, Jingwen and Cao, Zhiguang and Song, Wen and Zhang, Le and Chen, Zhenghua and Tang, Jing},
  journal={Advances in Neural Information Processing Systems},
  volume={34},
  year={2021}
}
@article{kwon2021matrix,
  title={Matrix encoding networks for neural combinatorial optimization},
  author={Kwon, Yeong-Dae and Choo, Jinho and Yoon, Iljoo and Park, Minah and Park, Duwon and Gwon, Youngjune},
  journal={Advances in Neural Information Processing Systems},
  volume={34},
  year={2021}
}
@article{kim2021learning,
  title={Learning collaborative policies to solve NP-hard routing problems},
  author={Kim, Minsu and Park, Jinkyoo and others},
  journal={Advances in Neural Information Processing Systems},
  volume={34},
  year={2021}
}

@article{delarue2020reinforcement,
  title={Reinforcement learning with combinatorial actions: An application to vehicle routing},
  author={Delarue, Arthur and Anderson, Ross and Tjandraatmadja, Christian},
  journal={Advances in Neural Information Processing Systems},
  volume={33},
  year={2020}
}
@inproceedings{nandwani2021neural,
  title={Neural Learning of One-of-Many Solutions for Combinatorial Problems in Structured Output Spaces},
  author={Nandwani, Yatin and Jindal, Deepanshu and Singla, Parag and others},
  booktitle={International Conference on Learning Representations},
  year={2021}
}
@article{toenshoff2019run,
  title={RUN-CSP: unsupervised learning of message passing networks for binary constraint satisfaction problems},
  author={Toenshoff, Jan and Ritzert, Martin and Wolf, Hinrikus and Grohe, Martin},
  year={2019}
}
@inproceedings{morris2019weisfeiler,
  title={Weisfeiler and leman go neural: Higher-order graph neural networks},
  author={Morris, Christopher and Ritzert, Martin and Fey, Matthias and Hamilton, William L and Lenssen, Jan Eric and Rattan, Gaurav and Grohe, Martin},
  booktitle={Proceedings of the AAAI conference on artificial intelligence},
  volume={33},
  number={01},
  pages={4602--4609},
  year={2019}
}
@article{rahman2017local,
  title={Local algorithms for independent sets are half-optimal},
  author={Rahman, Mustazee and Virag, Balint},
  journal={The Annals of Probability},
  volume={45},
  number={3},
  pages={1543--1577},
  year={2017},
  publisher={Institute of Mathematical Statistics}
}
@article{andrade2012fast,
  title={Fast local search for the maximum independent set problem},
  author={Andrade, Diogo V and Resende, Mauricio GC and Werneck, Renato F},
  journal={Journal of Heuristics},
  volume={18},
  number={4},
  pages={525--547},
  year={2012},
  publisher={Springer}
}
@incollection{NEURIPS2019_9015,
title = {PyTorch: An Imperative Style, High-Performance Deep Learning Library},
author = {Paszke, Adam and Gross, Sam and Massa, Francisco and Lerer, Adam and Bradbury, James and Chanan, Gregory and Killeen, Trevor and Lin, Zeming and Gimelshein, Natalia and Antiga, Luca and Desmaison, Alban and Kopf, Andreas and Yang, Edward and DeVito, Zachary and Raison, Martin and Tejani, Alykhan and Chilamkurthy, Sasank and Steiner, Benoit and Fang, Lu and Bai, Junjie and Chintala, Soumith},
booktitle = {Advances in Neural Information Processing Systems 32},
editor = {H. Wallach and H. Larochelle and A. Beygelzimer and F. d\textquotesingle Alch\'{e}-Buc and E. Fox and R. Garnett},
year = {2019},
}

@inproceedings{Fey/Lenssen/2019,
  title={Fast Graph Representation Learning with {PyTorch Geometric}},
  author={Fey, Matthias and Lenssen, Jan E.},
  booktitle={ICLR Workshop on Representation Learning on Graphs and Manifolds},
  year={2019},
}

