@article{ditzler2015learning,
  title={Learning in nonstationary environments: A survey},
  author={Ditzler, Gregory and Roveri, Manuel and Alippi, Cesare and Polikar, Robi},
  journal={IEEE Computational Intelligence Magazine},
  volume={10},
  number={4},
  pages={12--25},
  year={2015},
  publisher={IEEE}
}

@article{kim2022theoretical,
  title={A Theoretical Study on Solving Continual Learning},
  author={Kim, Gyuhak and Xiao, Changnan and Konishi, Tatsuya and Ke, Zixuan and Liu, Bing},
  journal={arXiv preprint arXiv:2211.02633},
  year={2022}
}

@article{wortsman2020supermasks,
  title={Supermasks in superposition},
  author={Wortsman, Mitchell and Ramanujan, Vivek and Liu, Rosanne and Kembhavi, Aniruddha and Rastegari, Mohammad and Yosinski, Jason and Farhadi, Ali},
  journal={Advances in Neural Information Processing Systems},
  volume={33},
  pages={15173--15184},
  year={2020}
}

@article{arani2022learning,
  title={Learning fast, learning slow: A general continual learning method based on complementary learning system},
  author={Arani, Elahe and Sarfraz, Fahad and Zonooz, Bahram},
  journal={arXiv preprint arXiv:2201.12604},
  year={2022}
}

@inproceedings{wang2022continual2,
  title={Continual Learning With Lifelong Vision Transformer},
  author={Wang, Zhen and Liu, Liu and Duan, Yiqun and Kong, Yajing and Tao, Dacheng},
  booktitle={Proceedings of the IEEE/CVF Conference on Computer Vision and Pattern Recognition},
  pages={171--181},
  year={2022}
}

@inproceedings{tiwari2022gcr,
  title={GCR: Gradient Coreset Based Replay Buffer Selection For Continual Learning},
  author={Tiwari, Rishabh and Killamsetty, Krishnateja and Iyer, Rishabh and Shenoy, Pradeep},
  booktitle={Proceedings of the IEEE/CVF Conference on Computer Vision and Pattern Recognition},
  pages={99--108},
  year={2022}
}

@inproceedings{wang2022continual,
  title={Continual learning through retrieval and imagination},
  author={Wang, Zhen and Liu, Liu and Duan, Yiqun and Tao, Dacheng},
  booktitle={AAAI Conference on Artificial Intelligence},
  volume={8},
  year={2022}
}

@inproceedings{cha2021co2l,
  title={Co2l: Contrastive continual learning},
  author={Cha, Hyuntak and Lee, Jaeho and Shin, Jinwoo},
  booktitle={Proceedings of the IEEE/CVF International Conference on Computer Vision},
  pages={9516--9525},
  year={2021}
}

@article{hinton2006reducing,
  title={Reducing the dimensionality of data with neural networks},
  author={Hinton, Geoffrey E and Salakhutdinov, Ruslan R},
  journal={science},
  volume={313},
  number={5786},
  pages={504--507},
  year={2006},
  publisher={American Association for the Advancement of Science}
}

@article{mante2013context,
  title={Context-dependent computation by recurrent dynamics in prefrontal cortex},
  author={Mante, Valerio and Sussillo, David and Shenoy, Krishna V and Newsome, William T},
  journal={nature},
  volume={503},
  number={7474},
  pages={78--84},
  year={2013},
  publisher={Nature Publishing Group}
}

@inproceedings{benjamin2018measuring,
  title={Measuring and regularizing networks in function space},
  author={Benjamin, Ari and Rolnick, David and Kording, Konrad},
  booktitle={International Conference on Learning Representations},
  year={2018}
}


@article{vitter1985random,
  title={Random sampling with a reservoir},
  author={Vitter, Jeffrey S},
  journal={ACM Transactions on Mathematical Software (TOMS)},
  volume={11},
  number={1},
  pages={37--57},
  year={1985},
  publisher={ACM New York, NY, USA}
}

@article{kudithipudi2022biological,
  title={Biological underpinnings for lifelong learning machines},
  author={Kudithipudi, Dhireesha and Aguilar-Simon, Mario and Babb, Jonathan and Bazhenov, Maxim and Blackiston, Douglas and Bongard, Josh and Brna, Andrew P and Chakravarthi Raja, Suraj and Cheney, Nick and Clune, Jeff and others},
  journal={Nature Machine Intelligence},
  volume={4},
  number={3},
  pages={196--210},
  year={2022},
  publisher={Nature Publishing Group}
}

@InProceedings{pmlr-v199-bhat22a,
  title = 	 {Task Agnostic Representation Consolidation: a Self-supervised based Continual Learning Approach},
  author =       {Bhat, Prashant Shivaram and Zonooz, Bahram and Arani, Elahe},
  booktitle = 	 {Proceedings of The 1st Conference on Lifelong Learning Agents},
  pages = 	 {390--405},
  year = 	 {2022},
  editor = 	 {Chandar, Sarath and Pascanu, Razvan and Precup, Doina},
  volume = 	 {199},
  series = 	 {Proceedings of Machine Learning Research},
  month = 	 {22--24 Aug},
  publisher =    {PMLR},
}

@article{robins1995catastrophic,
  title={Catastrophic forgetting, rehearsal and pseudorehearsal},
  author={Robins, Anthony},
  journal={Connection Science},
  volume={7},
  number={2},
  pages={123--146},
  year={1995},
  publisher={Taylor \& Francis}
}

@article{vanrullen2021deep,
  title={Deep learning and the global workspace theory},
  author={VanRullen, Rufin and Kanai, Ryota},
  journal={Trends in Neurosciences},
  volume={44},
  number={9},
  pages={692--704},
  year={2021},
  publisher={Elsevier}
}

@article{girardeau2009selective,
  title={Selective suppression of hippocampal ripples impairs spatial memory},
  author={Girardeau, Gabrielle and Benchenane, Karim and Wiener, Sidney I and Buzs{\'a}ki, Gy{\"o}rgy and Zugaro, Micha{\"e}l B},
  journal={Nature neuroscience},
  volume={12},
  number={10},
  pages={1222--1223},
  year={2009},
  publisher={Nature Publishing Group}
}

@article{krizhevsky2009learning,
  title={Learning multiple layers of features from tiny images},
  author={Krizhevsky, Alex and Hinton, Geoffrey and others},
  year={2009},
  publisher={Citeseer}
}

@inproceedings{he2016deep,
  title={Deep residual learning for image recognition},
  author={He, Kaiming and Zhang, Xiangyu and Ren, Shaoqing and Sun, Jian},
  booktitle={Proceedings of the IEEE conference on computer vision and pattern recognition},
  pages={770--778},
  year={2016}
}

@article{golkar2019continual,
  title={Continual learning via neural pruning},
  author={Golkar, Siavash and Kagan, Michael and Cho, Kyunghyun},
  journal={arXiv preprint arXiv:1903.04476},
  year={2019}
}


@inproceedings{gurbuz2022nispa,
  title={NISPA: Neuro-Inspired Stability-Plasticity Adaptation for Continual Learning in Sparse Networks},
  author={Gurbuz, Mustafa B and Dovrolis, Constantine},
  booktitle={International Conference on Machine Learning},
  pages={8157--8174},
  year={2022},
  organization={PMLR}
}

@inproceedings{hou2019learning,
  title={Learning a unified classifier incrementally via rebalancing},
  author={Hou, Saihui and Pan, Xinyu and Loy, Chen Change and Wang, Zilei and Lin, Dahua},
  booktitle={Proceedings of the IEEE/CVF Conference on Computer Vision and Pattern Recognition},
  pages={831--839},
  year={2019}
}

@inproceedings{naeini2015obtaining,
  title={Obtaining well calibrated probabilities using bayesian binning},
  author={Naeini, Mahdi Pakdaman and Cooper, Gregory and Hauskrecht, Milos},
  booktitle={Twenty-Ninth AAAI Conference on Artificial Intelligence},
  year={2015}
}


@inproceedings{kuppers2020multivariate,
  title={Multivariate confidence calibration for object detection},
  author={Kuppers, Fabian and Kronenberger, Jan and Shantia, Amirhossein and Haselhoff, Anselm},
  booktitle={Proceedings of the IEEE/CVF Conference on Computer Vision and Pattern Recognition Workshops},
  pages={326--327},
  year={2020}
}

@inproceedings{guo2017calibration,
  title={On calibration of modern neural networks},
  author={Guo, Chuan and Pleiss, Geoff and Sun, Yu and Weinberger, Kilian Q},
  booktitle={International conference on machine learning},
  pages={1321--1330},
  year={2017},
  organization={PMLR}
}

@article{peng2021overcoming,
  title={Overcoming long-term catastrophic forgetting through adversarial neural pruning and synaptic consolidation},
  author={Peng, Jian and Tang, Bo and Jiang, Hao and Li, Zhuo and Lei, Yinjie and Lin, Tao and Li, Haifeng},
  journal={IEEE Transactions on Neural Networks and Learning Systems},
  year={2021},
  publisher={IEEE}
}

@article{maltoni2019continuous,
  title={Continuous learning in single-incremental-task scenarios},
  author={Maltoni, Davide and Lomonaco, Vincenzo},
  journal={Neural Networks},
  volume={116},
  pages={56--73},
  year={2019},
  publisher={Elsevier}
}


@article{le2015tiny,
  title={Tiny imagenet visual recognition challenge},
  author={Le, Ya and Yang, Xuan},
  journal={CS 231N},
  volume={7},
  number={7},
  pages={3},
  year={2015}
}

@article{rasch2007maintaining,
  title={Maintaining memories by reactivation},
  author={Rasch, Bj{\"o}rn and Born, Jan},
  journal={Current opinion in neurobiology},
  volume={17},
  number={6},
  pages={698--703},
  year={2007},
  publisher={Elsevier}
}

@article{bengio2017consciousness,
  title={The consciousness prior},
  author={Bengio, Yoshua},
  journal={arXiv preprint arXiv:1709.08568},
  year={2017}
}


@article{juliani2022link,
  title={On the link between conscious function and general intelligence in humans and machines},
  author={Juliani, Arthur and Arulkumaran, Kai and Sasai, Shuntaro and Kanai, Ryota},
  journal={arXiv preprint arXiv:2204.05133},
  year={2022}
}

@inproceedings{serra2018overcoming,
  title={Overcoming catastrophic forgetting with hard attention to the task},
  author={Serra, Joan and Suris, Didac and Miron, Marius and Karatzoglou, Alexandros},
  booktitle={International Conference on Machine Learning},
  pages={4548--4557},
  year={2018},
  organization={PMLR}
}

@article{rusu2016progressive,
  title={Progressive neural networks},
  author={Rusu, Andrei A and Rabinowitz, Neil C and Desjardins, Guillaume and Soyer, Hubert and Kirkpatrick, James and Kavukcuoglu, Koray and Pascanu, Razvan and Hadsell, Raia},
  journal={arXiv preprint arXiv:1606.04671},
  year={2016}
}

@InProceedings{bhat2022consistency,
  title = 	 {Consistency is the Key to Further Mitigating Catastrophic Forgetting in Continual Learning},
  author =       {Bhat, Prashant Shivaram and Zonooz, Bahram and Arani, Elahe},
  booktitle = 	 {Proceedings of The 1st Conference on Lifelong Learning Agents},
  pages = 	 {1195--1212},
  year = 	 {2022},
  editor = 	 {Chandar, Sarath and Pascanu, Razvan and Precup, Doina},
  volume = 	 {199},
  series = 	 {Proceedings of Machine Learning Research},
  month = 	 {22--24 Aug},
  publisher =    {PMLR}
}

@article{taliaz2013skills,
  title={Skills development in infants: a possible role for widespread neurogenesis?},
  author={Taliaz, Dekel},
  journal={Frontiers in behavioral neuroscience},
  pages={178},
  year={2013},
  publisher={Frontiers}
}



@article{ratcliff1990connectionist,
  title={Connectionist models of recognition memory: constraints imposed by learning and forgetting functions.},
  author={Ratcliff, Roger},
  journal={Psychological review},
  volume={97},
  number={2},
  pages={285},
  year={1990},
  publisher={American Psychological Association}
}

@article{MASHOUR2020776,
title = {Conscious Processing and the Global Neuronal Workspace Hypothesis},
journal = {Neuron},
volume = {105},
number = {5},
pages = {776-798},
year = {2020},
issn = {0896-6273},
author = {George A. Mashour and Pieter Roelfsema and Jean-Pierre Changeux and Stanislas Dehaene},
}


@article{caccia2021reducing,
  title={Reducing representation drift in online continual learning},
  author={Caccia, Lucas and Aljundi, Rahaf and Asadi, Nader and Tuytelaars, Tinne and Pineau, Joelle and Belilovsky, Eugene},
  journal={arXiv preprint arXiv:2104.05025},
  year={2021}
}
@inproceedings{veniat2020efficient,
  title={Efficient Continual Learning with Modular Networks and Task-Driven Priors},
  author={Veniat, Tom and Denoyer, Ludovic and Ranzato, MarcAurelio},
  booktitle={International Conference on Learning Representations},
  year={2020}
}


@inproceedings{mendez2020lifelong,
  title={Lifelong Learning of Compositional Structures},
  author={Mendez, Jorge A and Eaton, Eric},
  booktitle={International Conference on Learning Representations},
  year={2020}
}

@inproceedings{mallya2018packnet,
  title={Packnet: Adding multiple tasks to a single network by iterative pruning},
  author={Mallya, Arun and Lazebnik, Svetlana},
  booktitle={Proceedings of the IEEE conference on Computer Vision and Pattern Recognition},
  pages={7765--7773},
  year={2018}
}

@inproceedings{hung2019increasingly,
  title={Increasingly packing multiple facial-informatics modules in a unified deep-learning model via lifelong learning},
  author={Hung, Steven CY and Lee, Jia-Hong and Wan, Timmy ST and Chen, Chein-Hung and Chan, Yi-Ming and Chen, Chu-Song},
  booktitle={Proceedings of the 2019 on International Conference on Multimedia Retrieval},
  pages={339--343},
  year={2019}
}

@article{hung2019compacting,
  title={Compacting, picking and growing for unforgetting continual learning},
  author={Hung, Ching-Yi and Tu, Cheng-Hao and Wu, Cheng-En and Chen, Chien-Hung and Chan, Yi-Ming and Chen, Chu-Song},
  journal={Advances in Neural Information Processing Systems},
  volume={32},
  year={2019}
}

@inproceedings{yoon2018lifelong,
  title={Lifelong Learning with Dynamically Expandable Networks},
  author={Yoon, Jaehong and Yang, Eunho and Lee, Jeongtae and Hwang, Sung Ju},
  booktitle={International Conference on Learning Representations},
  year={2018}
}

@inproceedings{kenton2019bert,
  title={BERT: Pre-training of Deep Bidirectional Transformers for Language Understanding},
  author={Kenton, Jacob Devlin Ming-Wei Chang and Toutanova, Lee Kristina},
  booktitle={Proceedings of NAACL-HLT},
  pages={4171--4186},
  year={2019}
}

@article{ke2021achieving,
  title={Achieving Forgetting Prevention and Knowledge Transfer in Continual Learning},
  author={Ke, Zixuan and Liu, Bing and Ma, Nianzu and Xu, Hu and Shu, Lei},
  journal={Advances in Neural Information Processing Systems},
  volume={34},
  pages={22443--22456},
  year={2021}
}

@inproceedings{NEURIPS2020_b3b43aee,
 author = {Singh, Pravendra and Verma, Vinay Kumar and Mazumder, Pratik and Carin, Lawrence and Rai, Piyush},
 booktitle = {Advances in Neural Information Processing Systems},
 editor = {H. Larochelle and M. Ranzato and R. Hadsell and M.F. Balcan and H. Lin},
 pages = {15579--15590},
 publisher = {Curran Associates, Inc.},
 title = {Calibrating CNNs for Lifelong Learning},
 url = {https://proceedings.neurips.cc/paper/2020/file/b3b43aeeacb258365cc69cdaf42a68af-Paper.pdf},
 volume = {33},
 year = {2020}
}


@article{zhang2020self,
  title={Self-supervised learning aided class-incremental lifelong learning},
  author={Zhang, Song and Shen, Gehui and Huang, Jinsong and Deng, Zhi-Hong},
  journal={arXiv preprint arXiv:2006.05882},
  year={2020}
}

@article{baars2021global,
  title={Global workspace theory (GWT) and prefrontal cortex: Recent developments},
  author={Baars, Bernard J and Geld, Natalie and Kozma, Robert},
  journal={Frontiers in Psychology},
  pages={5163},
  year={2021},
  publisher={Frontiers}
}


@inproceedings{luo2018cosine,
  title={Cosine normalization: Using cosine similarity instead of dot product in neural networks},
  author={Luo, Chunjie and Zhan, Jianfeng and Xue, Xiaohe and Wang, Lei and Ren, Rui and Yang, Qiang},
  booktitle={International Conference on Artificial Neural Networks},
  pages={382--391},
  year={2018},
  organization={Springer}
}


@article{krishnan2019biologically,
  title={Biologically inspired sleep algorithm for artificial neural networks},
  author={Krishnan, Giri P and Tadros, Timothy and Ramyaa, Ramyaa and Bazhenov, Maxim},
  journal={arXiv preprint arXiv:1908.02240},
  year={2019}
}

@article{baldock2021deep,
  title={Deep learning through the lens of example difficulty},
  author={Baldock, Robert and Maennel, Hartmut and Neyshabur, Behnam},
  journal={Advances in Neural Information Processing Systems},
  volume={34},
  pages={10876--10889},
  year={2021}
}

@inproceedings{stephenson2020geometry,
  title={On the geometry of generalization and memorization in deep neural networks},
  author={Stephenson, Cory and Ganesh, Abhinav and Hui, Yue and Tang, Hanlin and Chung, SueYeon and others},
  booktitle={International Conference on Learning Representations},
  year={2020}
}

@article{dehaene2003neuronal,
  title={A neuronal network model linking subjective reports and objective physiological data during conscious perception},
  author={Dehaene, Stanislas and Sergent, Claire and Changeux, Jean-Pierre},
  journal={Proceedings of the National Academy of Sciences},
  volume={100},
  number={14},
  pages={8520--8525},
  year={2003},
  publisher={National Acad Sciences}
}

@article{dehaene1998neuronal,
  title={A neuronal model of a global workspace in effortful cognitive tasks},
  author={Dehaene, Stanislas and Kerszberg, Michel and Changeux, Jean-Pierre},
  journal={Proceedings of the national Academy of Sciences},
  volume={95},
  number={24},
  pages={14529--14534},
  year={1998},
  publisher={National Acad Sciences}
}

@inproceedings{caccia2021new,
  title={New Insights on Reducing Abrupt Representation Change in Online Continual Learning},
  author={Caccia, Lucas and Aljundi, Rahaf and Asadi, Nader and Tuytelaars, Tinne and Pineau, Joelle and Belilovsky, Eugene},
  booktitle={International Conference on Learning Representations},
  year={2021}
}

@article{li2017learning,
  title={Learning without forgetting},
  author={Li, Zhizhong and Hoiem, Derek},
  journal={IEEE transactions on pattern analysis and machine intelligence},
  volume={40},
  number={12},
  pages={2935--2947},
  year={2017},
  publisher={IEEE}
}

@inproceedings{aljundi2017expert,
  title={Expert gate: Lifelong learning with a network of experts},
  author={Aljundi, Rahaf and Chakravarty, Punarjay and Tuytelaars, Tinne},
  booktitle={Proceedings of the IEEE Conference on Computer Vision and Pattern Recognition},
  pages={3366--3375},
  year={2017}
}

@inproceedings{zenke2017continual,
  title={Continual learning through synaptic intelligence},
  author={Zenke, Friedemann and Poole, Ben and Ganguli, Surya},
  booktitle={International Conference on Machine Learning},
  pages={3987--3995},
  year={2017},
  organization={PMLR}
}

@inproceedings{chaudhry2018efficient,
  title={Efficient Lifelong Learning with A-GEM},
  author={Chaudhry, Arslan and Ranzato, Marc’Aurelio and Rohrbach, Marcus and Elhoseiny, Mohamed},
  booktitle={International Conference on Learning Representations},
  year={2018}
}

@inproceedings{schwarz2018progress,
  title={Progress \& compress: A scalable framework for continual learning},
  author={Schwarz, Jonathan and Czarnecki, Wojciech and Luketina, Jelena and Grabska-Barwinska, Agnieszka and Teh, Yee Whye and Pascanu, Razvan and Hadsell, Raia},
  booktitle={International Conference on Machine Learning},
  pages={4528--4537},
  year={2018},
  organization={PMLR}
}

@article{kirkpatrick2017overcoming,
  title={Overcoming catastrophic forgetting in neural networks},
  author={Kirkpatrick, James and Pascanu, Razvan and Rabinowitz, Neil and Veness, Joel and Desjardins, Guillaume and Rusu, Andrei A and Milan, Kieran and Quan, John and Ramalho, Tiago and Grabska-Barwinska, Agnieszka and others},
  journal={Proceedings of the national academy of sciences},
  volume={114},
  number={13},
  pages={3521--3526},
  year={2017},
  publisher={National Acad Sciences}
}

@article{buzzega2020dark,
  title={Dark experience for general continual learning: a strong, simple baseline},
  author={Buzzega, Pietro and Boschini, Matteo and Porrello, Angelo and Abati, Davide and Calderara, Simone},
  journal={Advances in neural information processing systems},
  volume={33},
  pages={15920--15930},
  year={2020}
}

@inproceedings{rebuffi2017icarl,
  title={icarl: Incremental classifier and representation learning},
  author={Rebuffi, Sylvestre-Alvise and Kolesnikov, Alexander and Sperl, Georg and Lampert, Christoph H},
  booktitle={Proceedings of the IEEE conference on Computer Vision and Pattern Recognition},
  pages={2001--2010},
  year={2017}
}

@article{lopez2017gradient,
  title={Gradient episodic memory for continual learning},
  author={Lopez-Paz, David and Ranzato, Marc'Aurelio},
  journal={Advances in neural information processing systems},
  volume={30},
  year={2017}
}

@article{baars2005global,
  title={Global workspace theory of consciousness: toward a cognitive neuroscience of human experience},
  author={Baars, Bernard J},
  journal={Progress in brain research},
  volume={150},
  pages={45--53},
  year={2005},
  publisher={Elsevier}
}

@article{baars1994global,
  title={A global workspace theory of conscious experience},
  author={Baars, Bernard J},
  journal={Consciousness in philosophy and cognitive neuroscience},
  pages={149--171},
  year={1994},
  publisher={Lawrence Earlbaum Associates Hillsdale, New Jersey}
}

@article{parisi2019continual,
  title={Continual lifelong learning with neural networks: A review},
  author={Parisi, German I and Kemker, Ronald and Part, Jose L and Kanan, Christopher and Wermter, Stefan},
  journal={Neural Networks},
  volume={113},
  pages={54--71},
  year={2019},
  publisher={Elsevier}
}

@misc{mermillod2013stability,
  title={The stability-plasticity dilemma: Investigating the continuum from catastrophic forgetting to age-limited learning effects},
  author={Mermillod, Martial and Bugaiska, Aur{\'e}lia and Bonin, Patrick},
  journal={Frontiers in psychology},
  volume={4},
  pages={504},
  year={2013},
  publisher={Frontiers Media SA}
}

@article{goyal2020inductive,
  title={Inductive biases for deep learning of higher-level cognition},
  author={Goyal, Anirudh and Bengio, Yoshua},
  journal={arXiv preprint arXiv:2011.15091},
  year={2020}
}

@article{french1999catastrophic,
  title={Catastrophic forgetting in connectionist networks},
  author={French, Robert M},
  journal={Trends in cognitive sciences},
  volume={3},
  number={4},
  pages={128--135},
  year={1999},
  publisher={Elsevier}
}

@book{bremner2012multisensory,
  title={Multisensory development},
  author={Bremner, Andrew J and Lewkowicz, David J and Spence, Charles},
  year={2012},
  publisher={Oxford University Press}
}

@inproceedings{finn2017model,
  title={Model-agnostic meta-learning for fast adaptation of deep networks},
  author={Finn, Chelsea and Abbeel, Pieter and Levine, Sergey},
  booktitle={International conference on machine learning},
  pages={1126--1135},
  year={2017},
  organization={PMLR}
}

@article{ravi2016optimization,
  title={Optimization as a model for few-shot learning},
  author={Ravi, Sachin and Larochelle, Hugo},
  year={2016}
}