
% resnet
@inproceedings{resnet,
  title={Deep residual learning for image recognition},
  author={He, Kaiming and Zhang, Xiangyu and Ren, Shaoqing and Sun, Jian},
  booktitle={Proceedings of the IEEE/CVF Conference on Computer Vision and Pattern Recognition},
  pages={770--778},
  year={2016}
}

%vgg
@inproceedings{vgg,
  title={Very deep convolutional networks for large-scale image recognition},
  author={Simonyan, Karen and Zisserman, Andrew},
  booktitle={International Conference on Learning Representations},
  year={2015}
}

@inproceedings{efficientnet,
  title={Efficientnet: Rethinking model scaling for convolutional neural networks},
  author={Tan, Mingxing and Le, Quoc},
  booktitle={International Conference on Machine Learning},
  pages={6105--6114},
  year={2019},
}
@inproceedings{convnext,
  title={A convnet for the 2020s},
  author={Liu, Zhuang and Mao, Hanzi and Wu, Chao-Yuan and Feichtenhofer, Christoph and Darrell, Trevor and Xie, Saining},
  booktitle={Proceedings of the IEEE/CVF Conference on Computer Vision and Pattern Recognition},
  pages={11976--11986},
  year={2022}
}

@inproceedings{swin,
  title={Swin transformer: Hierarchical vision transformer using shifted windows},
  author={Liu, Ze and Lin, Yutong and Cao, Yue and Hu, Han and Wei, Yixuan and Zhang, Zheng and Lin, Stephen and Guo, Baining},
  booktitle={Proceedings of the IEEE/CVF International Conference on Computer Vision},
  pages={10012--10022},
  year={2021}
}

@inproceedings{deit,
  title={Training data-efficient image transformers \& distillation through attention},
  author={Touvron, Hugo and Cord, Matthieu and Douze, Matthijs and Massa, Francisco and Sablayrolles, Alexandre and J{\'e}gou, Herv{\'e}},
  booktitle={International Conference on Machine Learning},
  pages={10347--10357},
  year={2021},
}

@inproceedings{xcit,
  title={Xcit: Cross-covariance image transformers},
  author={Ali, Alaaeldin and Touvron, Hugo and Caron, Mathilde and Bojanowski, Piotr and Douze, Matthijs and Joulin, Armand and Laptev, Ivan and Neverova, Natalia and Synnaeve, Gabriel and Verbeek, Jakob and Jegou, Herve},
  booktitle={Advances in Neural Information Processing Systems},
  year={2021}
}

%imagnet
@inproceedings{deng2009imagenet,
  title={Imagenet: A large-scale hierarchical image database},
  author={Deng, Jia and Dong, Wei and Socher, Richard and Li, Li-Jia and Li, Kai and Fei-Fei, Li},
  booktitle={Proceedings of the IEEE/CVF Conference on Computer Vision and Pattern Recognition},
  pages={248--255},
  year={2009},
}

@inproceedings{zhang2020impact,
  title={Impact of imagenet model selection on domain adaptation},
  author={Zhang, Youshan and Davison, Brian D},
  booktitle={Proceedings of the IEEE/CVF Winter Conference on Applications of Computer Vision Workshops},
  pages={173--182},
  year={2020}
}

@inproceedings{ridnik2021imagenet,
  title={ImageNet-21K Pretraining for the Masses},
  author={Ridnik, Tal and Ben-Baruch, Emanuel and Noy, Asaf and Zelnik-Manor, Lihi},
  booktitle={Proceedings of the Neural Information Processing Systems Track on Datasets and Benchmarks},
  year={2021}
}

%BIG TRANSFER
@inproceedings{kolesnikov2020big,
  title={Big transfer (bit): General visual representation learning},
  author={Kolesnikov, Alexander and Beyer, Lucas and Zhai, Xiaohua and Puigcerver, Joan and Yung, Jessica and Gelly, Sylvain and Houlsby, Neil},
  booktitle={European Conference on Computer Vision},
  pages={491--507},
  year={2020},
}

% theory
@inproceedings{ben2006analysis,
  title={Analysis of representations for domain adaptation},
  author={Ben-David, Shai and Blitzer, John and Crammer, Koby and Pereira, Fernando},
  booktitle={Advances in Neural Information Processing Systems},
  year={2006}
}

@article{mansour2009domain,
  title={Domain adaptation: Learning bounds and algorithms},
  author={Mansour, Yishay and Mohri, Mehryar and Rostamizadeh, Afshin},
  journal={arXiv preprint arXiv:0902.3430},
  year={2009}
}

@article{ben2010theory,
  title={A theory of learning from different domains},
  author={Ben-David, Shai and Blitzer, John and Crammer, Koby and Kulesza, Alex and Pereira, Fernando and Vaughan, Jennifer Wortman},
  journal={Machine learning},
  volume={79},
  number={1},
  pages={151--175},
  year={2010},
  publisher={Springer}
}


%%%%% DOMAIN GENERALIZATION

%introduced by...
@inproceedings{blanchard2011generalizing,
  title={Generalizing from several related classification tasks to a new unlabeled sample},
  author={Blanchard, Gilles and Lee, Gyemin and Scott, Clayton},
  booktitle={Advances in Neural Information Processing Systems},
  year={2011}
}
%survey
@inproceedings{ijcai2021-628,
  title     = {Generalizing to Unseen Domains: A Survey on Domain Generalization},
  author    = {Wang, Jindong and Lan, Cuiling and Liu, Chang and Ouyang, Yidong and Qin, Tao},
  booktitle = {International Joint Conference on Artificial Intelligence},
  pages     = {4627--4635},
  year      = {2021},
  month     = {8},

}

%method1
@inproceedings{volpi2018generalizing,
  title={Generalizing to unseen domains via adversarial data augmentation},
  author={Volpi, Riccardo and Namkoong, Hongseok and Sener, Ozan and Duchi, John C and Murino, Vittorio and Savarese, Silvio},
  booktitle={Advances in Neural Information Processing Systems},
  year={2018}
}

%method2
@article{arjovsky2019invariant,
  title={Invariant risk minimization},
  author={Arjovsky, Martin and Bottou, L{\'e}on and Gulrajani, Ishaan and Lopez-Paz, David},
  journal={arXiv preprint arXiv:1907.02893},
  year={2019}
}

%method3
@inproceedings{ilse2020diva,
  title={Diva: Domain invariant variational autoencoders},
  author={Ilse, Maximilian and Tomczak, Jakub M and Louizos, Christos and Welling, Max},
  booktitle={Proceedings of the Third Conference on Medical Imaging with Deep Learning},
  pages={322--348},
  year={2020},
  organization={PMLR}
}


%%%%%%%%%%%%%%%%%%%%% DOMAIN ADAPTATION %%%%%%%%%%%%%%%%%%%%%%%
%ADDA
@inproceedings{tzeng2017adversarial,
  title={Adversarial discriminative domain adaptation},
  author={Tzeng, Eric and Hoffman, Judy and Saenko, Kate and Darrell, Trevor},
  booktitle={Proceedings of the IEEE/CVF Conference on Computer Vision and Pattern Recognition},
  pages={7167--7176},
  year={2017}
}

@inproceedings{liang2020we,
  title={Do we really need to access the source data? source hypothesis transfer for unsupervised domain adaptation},
  author={Liang, Jian and Hu, Dapeng and Feng, Jiashi},
  booktitle={International Conference on Machine Learning},
  pages={6028--6039},
  year={2020},
}

@inproceedings{na2021fixbi,
  title={Fixbi: Bridging domain spaces for unsupervised domain adaptation},
  author={Na, Jaemin and Jung, Heechul and Chang, Hyung Jin and Hwang, Wonjun},
  booktitle={Proceedings of the IEEE/CVF Conference on Computer Vision and Pattern Recognition},
  pages={1094--1103},
  year={2021}
}

%DANN
@article{ganin2016domain,
  title={Domain-adversarial training of neural networks},
  author={Ganin, Yaroslav and Ustinova, Evgeniya and Ajakan, Hana and Germain, Pascal and Larochelle, Hugo and Laviolette, Fran{\c{c}}ois and Marchand, Mario and Lempitsky, Victor},
  journal={Journal of Machine Learning Research},
  volume={17},
  number={1},
  pages={2096--2030},
  year={2016},
}

@article{taufique2021conda,
  title={ConDA: Continual Unsupervised Domain Adaptation},
  author={Taufique, Abu Md Niamul and Jahan, Chowdhury Sadman and Savakis, Andreas},
  journal={arXiv preprint arXiv:2103.11056},
  year={2021}
}

@article{yang2021tvt,
  title={Tvt: Transferable vision transformer for unsupervised domain adaptation},
  author={Yang, Jinyu and Liu, Jingjing and Xu, Ning and Huang, Junzhou},
  journal={arXiv preprint arXiv:2108.05988},
  year={2021}
}

@article{toldo2020unsupervised,
  title={Unsupervised domain adaptation in semantic segmentation: a review},
  author={Toldo, Marco and Maracani, Andrea and Michieli, Umberto and Zanuttigh, Pietro},
  journal={Technologies},
  volume={8},
  number={2},
  pages={35},
  year={2020},
  publisher={Multidisciplinary Digital Publishing Institute}
}

%CAN
@inproceedings{kang2019contrastive,
  title={Contrastive adaptation network for unsupervised domain adaptation},
  author={Kang, Guoliang and Jiang, Lu and Yang, Yi and Hauptmann, Alexander G},
  booktitle={Proceedings of the IEEE/CVF Conference on Computer Vision and Pattern Recognition},
  pages={4893--4902},
  year={2019}
}


@inproceedings{ding2022source,
  title={Source-Free Domain Adaptation via Distribution Estimation},
  author={Ding, Ning and Xu, Yixing and Tang, Yehui and Xu, Chao and Wang, Yunhe and Tao, Dacheng},
  booktitle={Proceedings of the IEEE/CVF Conference on Computer Vision and Pattern Recognition},
  pages={7212--7222},
  year={2022}
}


%%%%%% OTHERS
%mixup
@inproceedings{zhang2018mixup,
  title={mixup: Beyond Empirical Risk Minimization},
  author={Zhang, Hongyi and Cisse, Moustapha and Dauphin, Yann N and Lopez-Paz, David},
  booktitle={International Conference on Learning Representations},
  year={2018}
}
%coteachig
@inproceedings{han2018co,
  title={Co-teaching: Robust training of deep neural networks with extremely noisy labels},
  author={Han, Bo and Yao, Quanming and Yu, Xingrui and Niu, Gang and Xu, Miao and Hu, Weihua and Tsang, Ivor and Sugiyama, Masashi},
  booktitle={Advances in Neural Information Processing Systems},
  year={2018}
}
%pherical kmeans
@article{hornik2012spherical,
  title={Spherical k-means clustering},
  author={Hornik, Kurt and Feinerer, Ingo and Kober, Martin and Buchta, Christian},
  journal={Journal of statistical software},
  volume={50},
  pages={1--22},
  year={2012}
}

%OBJECT DETCTION SURVEY
@article{oza2021unsupervised,
  title={Unsupervised domain adaptation of object detectors: A survey},
  author={Oza, Poojan and Sindagi, Vishwanath A and VS, Vibashan and Patel, Vishal M},
  journal={arXiv preprint arXiv:2105.13502},
  year={2021}
}

%VIT
@inproceedings{dosovitskiy2020image,
  title={An Image is Worth 16x16 Words: Transformers for Image Recognition at Scale},
  author={Dosovitskiy, Alexey and Beyer, Lucas and Kolesnikov, Alexander and Weissenborn, Dirk and Zhai, Xiaohua and Unterthiner, Thomas and Dehghani, Mostafa and Minderer, Matthias and Heigold, Georg and Gelly, Sylvain and others},
  booktitle={International Conference on Learning Representations},
  year={2020}
}

%timm
@misc{rw2019timm,
  author = {Ross Wightman},
  title = {PyTorch Image Models},
  year = {2019},
  publisher = {GitHub},
  journal = {GitHub repository},
  doi = {10.5281/zenodo.4414861},
  howpublished = {\url{https://github.com/rwightman/pytorch-image-models}}
}


%%%%%%%%%%%%% DATASETS 
%domainnet
@inproceedings{peng2019moment,
  title={Moment matching for multi-source domain adaptation},
  author={Peng, Xingchao and Bai, Qinxun and Xia, Xide and Huang, Zijun and Saenko, Kate and Wang, Bo},
  booktitle={Proceedings of the IEEE/CVF International Conference on Computer Vision},
  pages={1406--1415},
  year={2019}
}

%imageclef
@inproceedings{long2017deep,
  title={Deep transfer learning with joint adaptation networks},
  author={Long, Mingsheng and Zhu, Han and Wang, Jianmin and Jordan, Michael I},
  booktitle={International Conference on Machine Learning},
  pages={2208--2217},
  year={2017},
}

%modern office and adaptiope
@inproceedings{ringwald2021adaptiope,
  title={Adaptiope: A modern benchmark for unsupervised domain adaptation},
  author={Ringwald, Tobias and Stiefelhagen, Rainer},
  booktitle={Proceedings of the IEEE/CVF Winter Conference on Applications of Computer Vision},
  pages={101--110},
  year={2021}
}

%office31
@inproceedings{saenko2010adapting,
  title={Adapting visual category models to new domains},
  author={Saenko, Kate and Kulis, Brian and Fritz, Mario and Darrell, Trevor},
  booktitle={European Conference on Computer Vision},
  pages={213--226},
  year={2010},
}

%visda
@article{peng2017visda,
  title={Visda: The visual domain adaptation challenge},
  author={Peng, Xingchao and Usman, Ben and Kaushik, Neela and Hoffman, Judy and Wang, Dequan and Saenko, Kate},
  journal={arXiv preprint arXiv:1710.06924},
  year={2017}
}

%office home
@inproceedings{venkateswara2017deep,
  title={Deep hashing network for unsupervised domain adaptation},
  author={Venkateswara, Hemanth and Eusebio, Jose and Chakraborty, Shayok and Panchanathan, Sethuraman},
  booktitle={Proceedings of the IEEE/CVF Conference on Computer Vision and Pattern Recognition},
  pages={5018--5027},
  year={2017}
}




% OTHER RELATED
@article{kim2022broad,
  title={A Broad Study of Pre-training for Domain Generalization and Adaptation},
  author={Kim, Donghyun and Wang, Kaihong and Sclaroff, Stan and Saenko, Kate},
  journal={arXiv preprint arXiv:2203.11819},
  year={2022}
}

@inproceedings{yosinski2014transferable,
  title={How transferable are features in deep neural networks?},
  author={Yosinski, Jason and Clune, Jeff and Bengio, Yoshua and Lipson, Hod},
  booktitle={Advances in Neural Information Processing Systems},
  year={2014}
}

@article{huh2016makes,
  title={What makes ImageNet good for transfer learning?},
  author={Huh, Minyoung and Agrawal, Pulkit and Efros, Alexei A},
  journal={arXiv preprint arXiv:1608.08614},
  year={2016}
}

@inproceedings{chu2016best,
  title={Best practices for fine-tuning visual classifiers to new domains},
  author={Chu, Brian and Madhavan, Vashisht and Beijbom, Oscar and Hoffman, Judy and Darrell, Trevor},
  booktitle={European Conference on Computer Vision},
  pages={435--442},
  year={2016},
}

@inproceedings{kornblith2019better,
  title={Do better imagenet models transfer better?},
  author={Kornblith, Simon and Shlens, Jonathon and Le, Quoc V},
  booktitle={Proceedings of the IEEE/CVF Conference on Computer Vision and Pattern Recognition},
  pages={2661--2671},
  year={2019}
}



% SOURCE FREE
@inproceedings{li2020model,
  title={Model adaptation: Unsupervised domain adaptation without source data},
  author={Li, Rui and Jiao, Qianfen and Cao, Wenming and Wong, Hau-San and Wu, Si},
  booktitle={Proceedings of the IEEE/CVF Conference on Computer Vision and Pattern Recognition},
  pages={9641--9650},
  year={2020}
}

@inproceedings{yang2021generalized,
  title={Generalized source-free domain adaptation},
  author={Yang, Shiqi and Wang, Yaxing and van de Weijer, Joost and Herranz, Luis and Jui, Shangling},
  booktitle={Proceedings of the IEEE/CVF International Conference on Computer Vision},
  pages={8978--8987},
  year={2021}
}

@inproceedings{kundu2020universal,
  title={Universal source-free domain adaptation},
  author={Kundu, Jogendra Nath and Venkat, Naveen and Babu, R Venkatesh and others},
  booktitle={Proceedings of the IEEE/CVF Conference on Computer Vision and Pattern Recognition},
  pages={4544--4553},
  year={2020}
}

@inproceedings{yang2021exploiting,
  title={Exploiting the intrinsic neighborhood structure for source-free domain adaptation},
  author={Yang, Shiqi and van de Weijer, Joost and Herranz, Luis and Jui, Shangling and others},
  booktitle={Advances in Neural Information Processing Systems},
  year={2021}
}


%%%%% RELATED STUDIES
%transfer learning
@ARTICLE{Zhuang2021Comprehensive,
  author={Zhuang, Fuzhen and Qi, Zhiyuan and Duan, Keyu and Xi, Dongbo and Zhu, Yongchun and Zhu, Hengshu and Xiong, Hui and He, Qing},
  journal={Proceedings of the IEEE}, 
  title={A Comprehensive Survey on Transfer Learning}, 
  year={2021},
  volume={109},
  number={1},
  pages={43-76},
}

% DISTORT OOD FT
@article{kumar2022fine,
  title={Fine-tuning can distort pretrained features and underperform out-of-distribution},
  author={Kumar, Ananya and Raghunathan, Aditi and Jones, Robbie and Ma, Tengyu and Liang, Percy},
  journal={arXiv preprint arXiv:2202.10054},
  year={2022}
}

%ADABN
@inproceedings{li2016revisiting,
  title={Revisiting batch normalization for practical domain adaptation},
  author={Li, Yanghao and Wang, Naiyan and Shi, Jianping and Liu, Jiaying and Hou, Xiaodi},
  booktitle={International Conference on Learning Representations},
  year={2017}
}


%METHODS TABLE
@inproceedings{cdan,
  title={Unsupervised domain adaptation with residual transfer networks},
  author={Long, Mingsheng and Zhu, Han and Wang, Jianmin and Jordan, Michael I},
  booktitle={Advances in Neural Information Processing Systems},
  year={2016}
}

@inproceedings{afn,
  title={Larger norm more transferable: An adaptive feature norm approach for unsupervised domain adaptation},
  author={Xu, Ruijia and Li, Guanbin and Yang, Jihan and Lin, Liang},
  booktitle={Proceedings of the IEEE/CVF International Conference on Computer Vision},
  pages={1426--1435},
  year={2019}
}

@inproceedings{mdd,
  title={Bridging theory and algorithm for domain adaptation},
  author={Zhang, Yuchen and Liu, Tianle and Long, Mingsheng and Jordan, Michael},
  booktitle={International Conference on Machine Learning},
  pages={7404--7413},
  year={2019},
}

@inproceedings{mcc,
  title={Minimum class confusion for versatile domain adaptation},
  author={Jin, Ying and Wang, Ximei and Long, Mingsheng and Wang, Jianmin},
  booktitle={European Conference on Computer Vision},
  pages={464--480},
  year={2020},
}


%linear probing
@inproceedings{chen2021empirical,
  title={An empirical study of training self-supervised vision transformers},
  author={Chen, Xinlei and Xie, Saining and He, Kaiming},
  booktitle={Proceedings of the IEEE/CVF International Conference on Computer Vision},
  pages={9640--9649},
  year={2021}
}

%transductive vs inductive
@article{kouw2019review,
  title={A review of domain adaptation without target labels},
  author={Kouw, Wouter M and Loog, Marco},
  journal={IEEE Transactions on Pattern Analysis and Machine Intelligence},
  volume={43},
  number={3},
  pages={766--785},
  year={2019},
  publisher={IEEE}
}


%BATCHNORM/LAYERNORM
@inproceedings{ioffe2015batch,
  title={Batch normalization: Accelerating deep network training by reducing internal covariate shift},
  author={Ioffe, Sergey and Szegedy, Christian},
  booktitle={International Conference on Machine Learning},
  pages={448--456},
  year={2015},
}

@article{ba2016layer,
  title={Layer normalization},
  author={Ba, Jimmy Lei and Kiros, Jamie Ryan and Hinton, Geoffrey E},
  journal={arXiv preprint arXiv:1607.06450},
  year={2016}
}

@article{ciliberto2017consistent,
  title={Consistent multitask learning with nonlinear output relations},
  author={Ciliberto, Carlo and Rudi, Alessandro and Rosasco, Lorenzo and Pontil, Massimiliano},
  journal={Advances in Neural Information Processing Systems},
  volume={30},
  year={2017}
}

@inproceedings{joshi2012multi,
  title={Multi-domain learning: when do domains matter?},
  author={Joshi, Mahesh and Dredze, Mark and Cohen, William and Rose, Carolyn},
  booktitle={Proceedings of the 2012 Joint Conference on Empirical Methods in Natural Language Processing and Computational Natural Language Learning},
  pages={1302--1312},
  year={2012}
}

@article{caruana1997multitask,
  title={Multitask learning},
  author={Caruana, Rich},
  journal={Machine learning},
  volume={28},
  number={1},
  pages={41--75},
  year={1997},
  publisher={Springer}
}

@article{baxter2000model,
  title={A model of inductive bias learning},
  author={Baxter, Jonathan},
  journal={Journal of artificial intelligence research},
  volume={12},
  pages={149--198},
  year={2000}
}

%shot extension
@article{liang2021source,
  title={Source data-absent unsupervised domain adaptation through hypothesis transfer and labeling transfer},
  author={Liang, Jian and Hu, Dapeng and Wang, Yunbo and He, Ran and Feng, Jiashi},
  journal={IEEE Transactions on Pattern Analysis and Machine Intelligence},
  year={2021},
  publisher={IEEE}
}

@article{huang2021model,
  title={Model adaptation: Historical contrastive learning for unsupervised domain adaptation without source data},
  author={Huang, Jiaxing and Guan, Dayan and Xiao, Aoran and Lu, Shijian},
  journal={Advances in Neural Information Processing Systems},
  volume={34},
  pages={3635--3649},
  year={2021}
}

@inproceedings{kurmi2021domain,
  title={Domain impression: A source data free domain adaptation method},
  author={Kurmi, Vinod K and Subramanian, Venkatesh K and Namboodiri, Vinay P},
  booktitle={Proceedings of the IEEE/CVF Winter Conference on Applications of Computer Vision},
  pages={615--625},
  year={2021}
}

@inproceedings{xia2021adaptive,
  title={Adaptive adversarial network for source-free domain adaptation},
  author={Xia, Haifeng and Zhao, Handong and Ding, Zhengming},
  booktitle={Proceedings of the IEEE/CVF International Conference on Computer Vision},
  pages={9010--9019},
  year={2021}
}

@inproceedings{chu2022denoised,
  title={Denoised maximum classifier discrepancy for sourcefree unsupervised domain adaptation},
  author={Chu, Tong and Liu, Yahao and Deng, Jinhong and Li, Wen and Duan, Lixin},
  booktitle={Thirty-Sixth AAAI Conference on Artificial Intelligence (AAAI-22)},
  volume={2},
  year={2022}
}

@inproceedings{kundu2022balancing,
  title={Balancing discriminability and transferability for source-free domain adaptation},
  author={Kundu, Jogendra Nath and Kulkarni, Akshay R and Bhambri, Suvaansh and Mehta, Deepesh and Kulkarni, Shreyas Anand and Jampani, Varun and Radhakrishnan, Venkatesh Babu},
  booktitle={International Conference on Machine Learning},
  pages={11710--11728},
  year={2022},
  organization={PMLR}
}


%%%%% SSL

@inproceedings{mocov1,
  title={Momentum contrast for unsupervised visual representation learning},
  author={He, Kaiming and Fan, Haoqi and Wu, Yuxin and Xie, Saining and Girshick, Ross},
  booktitle={Proceedings of the IEEE/CVF conference on computer vision and pattern recognition},
  pages={9729--9738},
  year={2020}
}

@article{mocov2,
  title={Improved baselines with momentum contrastive learning},
  author={Chen, Xinlei and Fan, Haoqi and Girshick, Ross and He, Kaiming},
  journal={arXiv preprint arXiv:2003.04297},
  year={2020}
}

@inproceedings{dino,
  title={Emerging properties in self-supervised vision transformers},
  author={Caron, Mathilde and Touvron, Hugo and Misra, Ishan and J{\'e}gou, Herv{\'e} and Mairal, Julien and Bojanowski, Piotr and Joulin, Armand},
  booktitle={Proceedings of the IEEE/CVF International Conference on Computer Vision},
  pages={9650--9660},
  year={2021}
}

@inproceedings{su2022comparison,
  title={A Comparison of Strategies for Source-Free Domain Adaptation},
  author={Su, Xin and Zhao, Yiyun and Bethard, Steven},
  booktitle={Proceedings of the 60th Annual Meeting of the Association for Computational Linguistics (Volume 1: Long Papers)},
  pages={8352--8367},
  year={2022}
}