


@inproceedings{he2017mask,
  title={Mask r-cnn},
  author={He, Kaiming and Gkioxari, Georgia and Doll{\'a}r, Piotr and Girshick, Ross},
  booktitle={Proceedings of the IEEE international conference on computer vision},
  pages={2961--2969},
  year={2017}
}

@inproceedings{fastrcnn,
  title={Fast r-cnn},
  author={Girshick, Ross},
  booktitle={Proceedings of the IEEE international conference on computer vision},
  pages={1440--1448},
  year={2015}
}
@inproceedings{dwibedi2017cut,
  title={Cut, paste and learn: Surprisingly easy synthesis for instance detection},
  author={Dwibedi, Debidatta and Misra, Ishan and Hebert, Martial},
  booktitle={Proceedings of the IEEE international conference on computer vision},
  pages={1301--1310},
  year={2017}
}
@article{balestriero2022effects,
  title={The Effects of Regularization and Data Augmentation are Class Dependent},
  author={Balestriero, Randall and Bottou, Leon and LeCun, Yann},
  journal={arXiv preprint arXiv:2204.03632},
  year={2022}
}

@inproceedings{upchurch2017deep,
  title={Deep feature interpolation for image content changes},
  author={Upchurch, Paul and Gardner, Jacob and Pleiss, Geoff and Pless, Robert and Snavely, Noah and Bala, Kavita and Weinberger, Kilian},
  booktitle={Proceedings of the IEEE conference on computer vision and pattern recognition},
  pages={7064--7073},
  year={2017}
}
@article{wang2021regularizing,
  title={Regularizing deep networks with semantic data augmentation},
  author={Wang, Yulin and Huang, Gao and Song, Shiji and Pan, Xuran and Xia, Yitong and Wu, Cheng},
  journal={IEEE Transactions on Pattern Analysis and Machine Intelligence},
  year={2021},
  publisher={IEEE}
}

@article{bowles2018gan,
  title={Gan augmentation: Augmenting training data using generative adversarial networks},
  author={Bowles, Christopher and Chen, Liang and Guerrero, Ricardo and Bentley, Paul and Gunn, Roger and Hammers, Alexander and Dickie, David Alexander and Hern{\'a}ndez, Maria Vald{\'e}s and Wardlaw, Joanna and Rueckert, Daniel},
  journal={arXiv preprint arXiv:1810.10863},
  year={2018}
}
@inproceedings{hendrycks2021many,
  title={The many faces of robustness: A critical analysis of out-of-distribution generalization},
  author={Hendrycks, Dan and Basart, Steven and Mu, Norman and Kadavath, Saurav and Wang, Frank and Dorundo, Evan and Desai, Rahul and Zhu, Tyler and Parajuli, Samyak and Guo, Mike and others},
  booktitle={Proceedings of the IEEE/CVF International Conference on Computer Vision},
  pages={8340--8349},
  year={2021}
}
@inproceedings{wang2019learning,
        title={Learning Robust Global Representations by Penalizing Local Predictive Power},
        author={Wang, Haohan and Ge, Songwei and Lipton, Zachary and Xing, Eric P},
        booktitle={Advances in Neural Information Processing Systems},
        pages={10506--10518},
        year={2019}
}


@inproceedings{liu2021swin,
  title={Swin transformer: Hierarchical vision transformer using shifted windows},
  author={Liu, Ze and Lin, Yutong and Cao, Yue and Hu, Han and Wei, Yixuan and Zhang, Zheng and Lin, Stephen and Guo, Baining},
  booktitle={Proceedings of the IEEE/CVF International Conference on Computer Vision},
  pages={10012--10022},
  year={2021}
}
@article{georgakis2017synthesizing,
  title={Synthesizing training data for object detection in indoor scenes},
  author={Georgakis, Georgios and Mousavian, Arsalan and Berg, Alexander C and Kosecka, Jana},
  journal={Robotics: Science and Systems (RSS)},
  year={2017}
}

@article{ren2015faster,
  title={Faster r-cnn: Towards real-time object detection with region proposal networks},
  author={Ren, Shaoqing and He, Kaiming and Girshick, Ross and Sun, Jian},
  journal={Advances in neural information processing systems},
  volume={28},
  pages={91--99},
  year={2015}
}
@inproceedings{yoo2020rethinking,
  title={Rethinking data augmentation for image super-resolution: A comprehensive analysis and a new strategy},
  author={Yoo, Jaejun and Ahn, Namhyuk and Sohn, Kyung-Ah},
  booktitle={Proceedings of the IEEE/CVF Conference on Computer Vision and Pattern Recognition},
  pages={8375--8384},
  year={2020}
}
@inproceedings{han2021dcl,
  title={Dual Contrastive Learning for Unsupervised Image-to-Image Translation},
  author={Junlin Han and Mehrdad Shoeiby and Lars Petersson and Mohammad Ali Armin},
  booktitle={Proceedings of the IEEE/CVF Conference on Computer Vision and Pattern Recognition Workshops},
  year={2021}
}
@inproceedings{cai2019toward,
  title={Toward real-world single image super-resolution: A new benchmark and a new model},
  author={Cai, Jianrui and Zeng, Hui and Yong, Hongwei and Cao, Zisheng and Zhang, Lei},
  booktitle={Proceedings of the IEEE/CVF International Conference on Computer Vision},
  pages={3086--3095},
  year={2019}
}

@inproceedings{ahn2018fast,
  title={Fast, accurate, and lightweight super-resolution with cascading residual network},
  author={Ahn, Namhyuk and Kang, Byungkon and Sohn, Kyung-Ah},
  booktitle={Proceedings of the European Conference on Computer Vision (ECCV)},
  pages={252--268},
  year={2018}
}

@inproceedings{agustsson2017ntire,
  title={Ntire 2017 challenge on single image super-resolution: Dataset and study},
  author={Agustsson, Eirikur and Timofte, Radu},
  booktitle={Proceedings of the IEEE conference on computer vision and pattern recognition workshops},
  pages={126--135},
  year={2017}
}


@article{you2017large,
  title={Large batch training of convolutional networks},
  author={You, Yang and Gitman, Igor and Ginsburg, Boris},
  journal={arXiv preprint arXiv:1708.03888},
  year={2017}
}

@inproceedings{RCNN,
  title={Rich feature hierarchies for accurate object detection and semantic segmentation},
  author={Girshick, Ross and Donahue, Jeff and Darrell, Trevor and Malik, Jitendra},
  booktitle={Proceedings of the IEEE conference on computer vision and pattern recognition},
  pages={580--587},
  year={2014}
}


@inproceedings{lin2017refinenet,
  title={Refinenet: Multi-path refinement networks for high-resolution semantic segmentation},
  author={Lin, Guosheng and Milan, Anton and Shen, Chunhua and Reid, Ian},
  booktitle={Proceedings of the IEEE conference on computer vision and pattern recognition},
  pages={1925--1934},
  year={2017}
}



@inproceedings{zhao2017pyramid,
  title={Pyramid scene parsing network},
  author={Zhao, Hengshuang and Shi, Jianping and Qi, Xiaojuan and Wang, Xiaogang and Jia, Jiaya},
  booktitle={Proceedings of the IEEE conference on computer vision and pattern recognition},
  pages={2881--2890},
  year={2017}
}


@article{deeplab,
  title={Semantic image segmentation with deep convolutional nets and fully connected crfs},
  author={Chen, Liang-Chieh and Papandreou, George and Kokkinos, Iasonas and Murphy, Kevin and Yuille, Alan L},
  journal={arXiv preprint arXiv:1412.7062},
  year={2014}
}


@inproceedings{FCN,
  title={Fully convolutional networks for semantic segmentation},
  author={Long, Jonathan and Shelhamer, Evan and Darrell, Trevor},
  booktitle={Proceedings of the IEEE conference on computer vision and pattern recognition},
  pages={3431--3440},
  year={2015}
}


@article{alexnet,
  title={Imagenet classification with deep convolutional neural networks},
  author={Krizhevsky, Alex and Sutskever, Ilya and Hinton, Geoffrey E},
  journal={Advances in neural information processing systems},
  volume={25},
  pages={1097--1105},
  year={2012}
}
@article{kim2021co,
  title={Co-mixup: Saliency guided joint mixup with supermodular diversity},
  author={Kim, Jang-Hyun and Choo, Wonho and Jeong, Hosan and Song, Hyun Oh},
  journal={ICLR},
  year={2021}
}

@article{Xie2017,
  title={Aggregated Residual Transformations for Deep Neural Networks},
  author={Saining Xie and Ross Girshick and Piotr Doll√°r and Zhuowen Tu and Kaiming He},
  journal={CVPR},
  year={2017}
}

@article{nguyen2015posterior,
  title={Posterior calibration and exploratory analysis for natural language processing models},
  author={Nguyen, Khanh and O'Connor, Brendan},
  journal={arXiv preprint arXiv:1508.05154},
  year={2015}
}
@misc{bim,
  title={Adversarial examples in the physical world},
  author={Kurakin, Alexey and Goodfellow, Ian and Bengio, Samy and others},
  year={2016}
}
@article{pgd,
  title={Towards deep learning models resistant to adversarial attacks},
  author={Madry, Aleksander and Makelov, Aleksandar and Schmidt, Ludwig and Tsipras, Dimitris and Vladu, Adrian},
  journal={ICLR},
  year={2018}
}
@article{kim2020torchattacks,
  title={Torchattacks: A pytorch repository for adversarial attacks},
  author={Kim, Hoki},
  journal={arXiv preprint arXiv:2010.01950},
  year={2020}
}

@article{fgsm,
  title={Explaining and harnessing adversarial examples},
  author={Goodfellow, Ian J and Shlens, Jonathon and Szegedy, Christian},
  journal={arXiv preprint arXiv:1412.6572},
  year={2014}
}

@article{hendrycks2021pixmix,
  title={PixMix: Dreamlike Pictures Comprehensively Improve Safety Measures},
  author={Hendrycks, Dan and Zou, Andy and Mazeika, Mantas and Tang, Leonard and Song, Dawn and Steinhardt, Jacob},
  journal={arXiv preprint arXiv:2112.05135},
  year={2021}
}

@article{hendrycks2018deep,
  title={Deep anomaly detection with outlier exposure},
  author={Hendrycks, Dan and Mazeika, Mantas and Dietterich, Thomas},
  journal={arXiv preprint arXiv:1812.04606},
  year={2018}
}

@INPROCEEDINGS{Zagoruyko2016WRN,
    author = {Sergey Zagoruyko and Nikos Komodakis},
    title = {Wide Residual Networks},
    booktitle = {BMVC},
    year = {2016}}

@inproceedings{he2016identity,
  title={Identity mappings in deep residual networks},
  author={He, Kaiming and Zhang, Xiangyu and Ren, Shaoqing and Sun, Jian},
  booktitle={European conference on computer vision},
  pages={630--645},
  year={2016},
  organization={Springer}
}

@inproceedings{chollet2017xception,
  title={Xception: Deep learning with depthwise separable convolutions},
  author={Chollet, Fran{\c{c}}ois},
  booktitle={Proceedings of the IEEE conference on computer vision and pattern recognition},
  pages={1251--1258},
  year={2017}
}

@inproceedings{huang2017densely,
  title={Densely connected convolutional networks},
  author={Huang, Gao and Liu, Zhuang and Van Der Maaten, Laurens and Weinberger, Kilian Q},
  booktitle={Proceedings of the IEEE conference on computer vision and pattern recognition},
  pages={4700--4708},
  year={2017}
}

@misc{rw2019timm,
  author = {Ross Wightman},
  title = {PyTorch Image Models},
  year = {2019},
  publisher = {GitHub},
  journal = {GitHub repository},
  doi = {10.5281/zenodo.4414861},
  howpublished = {\url{https://github.com/rwightman/pytorch-image-models}}
}

@article{vgg,
  title={Very deep convolutional networks for large-scale image recognition},
  author={Simonyan, Karen and Zisserman, Andrew},
  journal={arXiv preprint arXiv:1409.1556},
  year={2014}
}

@inproceedings{resnet,
  title={Deep residual learning for image recognition},
  author={He, Kaiming and Zhang, Xiangyu and Ren, Shaoqing and Sun, Jian},
  booktitle={Proceedings of the IEEE conference on computer vision and pattern recognition},
  pages={770--778},
  year={2016}
}

@inproceedings{googlenet,
  title={Going deeper with convolutions},
  author={Szegedy, Christian and Liu, Wei and Jia, Yangqing and Sermanet, Pierre and Reed, Scott and Anguelov, Dragomir and Erhan, Dumitru and Vanhoucke, Vincent and Rabinovich, Andrew},
  booktitle={Proceedings of the IEEE conference on computer vision and pattern recognition},
  pages={1--9},
  year={2015}
}

@article{imagenet,
  title={Imagenet large scale visual recognition challenge},
  author={Russakovsky, Olga and Deng, Jia and Su, Hao and Krause, Jonathan and Satheesh, Sanjeev and Ma, Sean and Huang, Zhiheng and Karpathy, Andrej and Khosla, Aditya and Bernstein, Michael and others},
  journal={International journal of computer vision},
  volume={115},
  number={3},
  pages={211--252},
  year={2015},
  publisher={Springer}
}


@article{srivastava2014dropout,
  title={Dropout: a simple way to prevent neural networks from overfitting},
  author={Srivastava, Nitish and Hinton, Geoffrey and Krizhevsky, Alex and Sutskever, Ilya and Salakhutdinov, Ruslan},
  journal={The journal of machine learning research},
  volume={15},
  number={1},
  pages={1929--1958},
  year={2014},
  publisher={JMLR. org}
}
@inproceedings{sivic2003video,
  title={Video Google: A text retrieval approach to object matching in videos},
  author={Sivic, Josef and Zisserman, Andrew},
  booktitle={Computer Vision, IEEE International Conference on},
  volume={3},
  pages={1470--1470},
  year={2003},
  organization={IEEE Computer Society}
}
@inproceedings{huang2016deep,
  title={Deep networks with stochastic depth},
  author={Huang, Gao and Sun, Yu and Liu, Zhuang and Sedra, Daniel and Weinberger, Kilian Q},
  booktitle={European conference on computer vision},
  pages={646--661},
  year={2016},
  organization={Springer}
}

@inproceedings{szegedy2016rethinking,
  title={Rethinking the inception architecture for computer vision},
  author={Szegedy, Christian and Vanhoucke, Vincent and Ioffe, Sergey and Shlens, Jon and Wojna, Zbigniew},
  booktitle={Proceedings of the IEEE conference on computer vision and pattern recognition},
  pages={2818--2826},
  year={2016}
}
@article{shorten2019survey,
  title={A survey on image data augmentation for deep learning},
  author={Shorten, Connor and Khoshgoftaar, Taghi M},
  journal={Journal of Big Data},
  volume={6},
  number={1},
  pages={1--48},
  year={2019},
  publisher={Springer}
}

@article{lin2021local,
  title={Local Patch AutoAugment with Multi-Agent Collaboration},
  author={Lin, Shiqi and Yu, Tao and Feng, Ruoyu and Li, Xin and Jin, Xin and Chen, Zhibo},
  journal={arXiv preprint arXiv:2103.11099},
  year={2021}
}

@article{qin2021understanding,
  title={Understanding and Improving Robustness of Vision Transformers through Patch-based Negative Augmentation},
  author={Qin, Yao and Zhang, Chiyuan and Chen, Ting and Lakshminarayanan, Balaji and Beutel, Alex and Wang, Xuezhi},
  journal={arXiv preprint arXiv:2110.07858},
  year={2021}
}
@inproceedings{cubuk2020randaugment,
  title={Randaugment: Practical automated data augmentation with a reduced search space},
  author={Cubuk, Ekin D and Zoph, Barret and Shlens, Jonathon and Le, Quoc V},
  booktitle={Proceedings of the IEEE/CVF Conference on Computer Vision and Pattern Recognition Workshops},
  pages={702--703},
  year={2020}
}
@inproceedings{hadsell2006dimensionality,
  title={Dimensionality reduction by learning an invariant mapping},
  author={Hadsell, Raia and Chopra, Sumit and LeCun, Yann},
  booktitle={2006 IEEE Computer Society Conference on Computer Vision and Pattern Recognition (CVPR'06)},
  volume={2},
  pages={1735--1742},
  year={2006},
  organization={IEEE}
}
@inproceedings{zhong2020random,
  title={Random erasing data augmentation},
  author={Zhong, Zhun and Zheng, Liang and Kang, Guoliang and Li, Shaozi and Yang, Yi},
  booktitle={Proceedings of the AAAI Conference on Artificial Intelligence},
  volume={34},
  pages={13001--13008},
  year={2020}
}

@inproceedings{selvaraju2017grad,
  title={Grad-cam: Visual explanations from deep networks via gradient-based localization},
  author={Selvaraju, Ramprasaath R and Cogswell, Michael and Das, Abhishek and Vedantam, Ramakrishna and Parikh, Devi and Batra, Dhruv},
  booktitle={Proceedings of the IEEE international conference on computer vision},
  pages={618--626},
  year={2017}
}

@inproceedings{han2021bid,
  title={Blind Image Decomposition},
  author={Junlin Han and Weihao Li and Pengfei Fang and Chunyi Sun and Jie Hong and Mohammad Ali Armin and Lars Petersson and Hongdong Li},
  booktitle={arXiv preprint arXiv:2108.11364},
  year={2021}
}

@inproceedings{Zamir2021MPRNet,
    title={Multi-Stage Progressive Image Restoration},
    author={Syed Waqas Zamir and Aditya Arora and Salman Khan and Munawar Hayat
            and Fahad Shahbaz Khan and Ming-Hsuan Yang and Ling Shao},
    booktitle={CVPR},
    year={2021}
}



@article{devries2017improved,
  title={Improved regularization of convolutional neural networks with cutout},
  author={DeVries, Terrance and Taylor, Graham W},
  journal={arXiv preprint arXiv:1708.04552},
  year={2017}
}

@article{zhang2017mixup,
  title={mixup: Beyond empirical risk minimization},
  author={Zhang, Hongyi and Cisse, Moustapha and Dauphin, Yann N and Lopez-Paz, David},
  journal={arXiv preprint arXiv:1710.09412},
  year={2017}
}
@inproceedings{park2020contrastive,
  title={Contrastive learning for unpaired image-to-image translation},
  author={Park, Taesung and Efros, Alexei A and Zhang, Richard and Zhu, Jun-Yan},
  booktitle={European Conference on Computer Vision},
  pages={319--345},
  year={2020},
  organization={Springer}
}
@inproceedings{hong2019patch,
  title={Patch-level augmentation for object detection in aerial images},
  author={Hong, Sungeun and Kang, Sungil and Cho, Donghyeon},
  booktitle={Proceedings of the IEEE/CVF International Conference on Computer Vision Workshops},
  pages={0--0},
  year={2019}
}
@article{brendel2019approximating,
  title={Approximating cnns with bag-of-local-features models works surprisingly well on imagenet},
  author={Brendel, Wieland and Bethge, Matthias},
  journal={arXiv preprint arXiv:1904.00760},
  year={2019}
}
@article{lopes2019improving,
  title={Improving robustness without sacrificing accuracy with patch gaussian augmentation},
  author={Lopes, Raphael Gontijo and Yin, Dong and Poole, Ben and Gilmer, Justin and Cubuk, Ekin D},
  journal={arXiv preprint arXiv:1906.02611},
  year={2019}
}
@inproceedings{shocher2018zero,
  title={‚Äúzero-shot‚Äù super-resolution using deep internal learning},
  author={Shocher, Assaf and Cohen, Nadav and Irani, Michal},
  booktitle={Proceedings of the IEEE conference on computer vision and pattern recognition},
  pages={3118--3126},
  year={2018}
}
@article{kervrann2006optimal,
  title={Optimal spatial adaptation for patch-based image denoising},
  author={Kervrann, Charles and Boulanger, J{\'e}r{\^o}me},
  journal={IEEE Transactions on Image Processing},
  volume={15},
  number={10},
  pages={2866--2878},
  year={2006},
  publisher={IEEE}
}
@article{dosovitskiy2020image,
  title={An image is worth 16x16 words: Transformers for image recognition at scale},
  author={Dosovitskiy, Alexey and Beyer, Lucas and Kolesnikov, Alexander and Weissenborn, Dirk and Zhai, Xiaohua and Unterthiner, Thomas and Dehghani, Mostafa and Minderer, Matthias and Heigold, Georg and Gelly, Sylvain and others},
  journal={arXiv preprint arXiv:2010.11929},
  year={2020}
}
@inproceedings{lazebnik2006beyond,
  title={Beyond bags of features: Spatial pyramid matching for recognizing natural scene categories},
  author={Lazebnik, Svetlana and Schmid, Cordelia and Ponce, Jean},
  booktitle={2006 IEEE Computer Society Conference on Computer Vision and Pattern Recognition (CVPR'06)},
  volume={2},
  pages={2169--2178},
  year={2006},
  organization={IEEE}
}
@inproceedings{csurka2004visual,
  title={Visual categorization with bags of keypoints},
  author={Csurka, Gabriella and Dance, Christopher and Fan, Lixin and Willamowski, Jutta and Bray, C{\'e}dric},
  booktitle={Workshop on statistical learning in computer vision, ECCV},
  volume={1},
  pages={1--2},
  year={2004},
  organization={Prague}
}
@inproceedings{efros1999texture,
  title={Texture synthesis by non-parametric sampling},
  author={Efros, Alexei A and Leung, Thomas K},
  booktitle={Proceedings of the seventh IEEE international conference on computer vision},
  volume={2},
  pages={1033--1038},
  year={1999},
  organization={IEEE}
}
@inproceedings{yun2019cutmix,
  title={Cutmix: Regularization strategy to train strong classifiers with localizable features},
  author={Yun, Sangdoo and Han, Dongyoon and Oh, Seong Joon and Chun, Sanghyuk and Choe, Junsuk and Yoo, Youngjoon},
  booktitle={Proceedings of the IEEE/CVF International Conference on Computer Vision},
  pages={6023--6032},
  year={2019}
}
@article{everingham2010pascal,
  title={The pascal visual object classes (voc) challenge},
  author={Everingham, Mark and Van Gool, Luc and Williams, Christopher KI and Winn, John and Zisserman, Andrew},
  journal={International journal of computer vision},
  volume={88},
  number={2},
  pages={303--338},
  year={2010},
  publisher={Springer}
}
@article{goyal2017accurate,
  title={Accurate, large minibatch sgd: Training imagenet in 1 hour},
  author={Goyal, Priya and Doll{\'a}r, Piotr and Girshick, Ross and Noordhuis, Pieter and Wesolowski, Lukasz and Kyrola, Aapo and Tulloch, Andrew and Jia, Yangqing and He, Kaiming},
  journal={arXiv preprint arXiv:1706.02677},
  year={2017}
}

@inproceedings{chen2021jigsaw,
  title={Jigsaw Clustering for Unsupervised Visual Representation Learning},
  author={Chen, Pengguang and Liu, Shu and Jia, Jiaya},
  booktitle={Proceedings of the IEEE/CVF Conference on Computer Vision and Pattern Recognition},
  pages={11526--11535},
  year={2021}
}

@inproceedings{flower,
  title={Automated flower classification over a large number of classes},
  author={Nilsback, Maria-Elena and Zisserman, Andrew},
  booktitle={2008 Sixth Indian Conference on Computer Vision, Graphics \& Image Processing},
  pages={722--729},
  year={2008},
  organization={IEEE}
}
@inproceedings{lin2014microsoft,
  title={Microsoft coco: Common objects in context},
  author={Lin, Tsung-Yi and Maire, Michael and Belongie, Serge and Hays, James and Perona, Pietro and Ramanan, Deva and Doll{\'a}r, Piotr and Zitnick, C Lawrence},
  booktitle={European conference on computer vision},
  pages={740--755},
  year={2014},
  organization={Springer}
}

@inproceedings{hendrycks2021natural,
  title={Natural adversarial examples},
  author={Hendrycks, Dan and Zhao, Kevin and Basart, Steven and Steinhardt, Jacob and Song, Dawn},
  booktitle={Proceedings of the IEEE/CVF Conference on Computer Vision and Pattern Recognition},
  pages={15262--15271},
  year={2021}
}

@article{krizhevsky2009learning,
  title={Learning multiple layers of features from tiny images},
  author={Krizhevsky, Alex and Hinton, Geoffrey and others},
  year={2009},
  publisher={Citeseer}
}

@article{cubuk2018autoaugment,
  title={Autoaugment: Learning augmentation policies from data},
  author={Cubuk, Ekin D and Zoph, Barret and Mane, Dandelion and Vasudevan, Vijay and Le, Quoc V},
  journal={arXiv preprint arXiv:1805.09501},
  year={2018}
}

@inproceedings{he2020momentum,
  title={Momentum contrast for unsupervised visual representation learning},
  author={He, Kaiming and Fan, Haoqi and Wu, Yuxin and Xie, Saining and Girshick, Ross},
  booktitle={Proceedings of the IEEE/CVF Conference on Computer Vision and Pattern Recognition},
  pages={9729--9738},
  year={2020}
}
@article{chen2020improved,
  title={Improved baselines with momentum contrastive learning},
  author={Chen, Xinlei and Fan, Haoqi and Girshick, Ross and He, Kaiming},
  journal={arXiv preprint arXiv:2003.04297},
  year={2020}
}
@inproceedings{chen2020simple,
  title={A simple framework for contrastive learning of visual representations},
  author={Chen, Ting and Kornblith, Simon and Norouzi, Mohammad and Hinton, Geoffrey},
  booktitle={International conference on machine learning},
  pages={1597--1607},
  year={2020},
  organization={PMLR}
}
@inproceedings{chen2021exploring,
  title={Exploring simple siamese representation learning},
  author={Chen, Xinlei and He, Kaiming},
  booktitle={Proceedings of the IEEE/CVF Conference on Computer Vision and Pattern Recognition},
  pages={15750--15758},
  year={2021}
}