

@article{text-summarization-survey-2020,
author = {El-Kassas, Wafaa and Salama, Cherif and Rafea, Ahmed and Mohamed, Hoda},
year = {2020},
month = {07},
pages = {113679},
title = {Automatic Text Summarization: A Comprehensive Survey},
journal = {Expert Systems with Applications},
}

@inproceedings{concept-interaction-graph,
author = {Liu, Bang and Niu, Di and Wei, Haojie and Lin, Jinghong and He, Yancheng and Lai, Kunfeng and Xu, Yu},
year = {2019},
pages = {6284--6294},
title = {Matching Article Pairs with Graphical Decomposition and Convolutions},
booktitle = {Proc. Conference of the Association for Computational Linguistics (ACL)}
}

@article{blondel-louvain,
   title={Fast unfolding of communities in large networks},
   volume={2008},
   number={10},
   journal={Journal of Statistical Mechanics: Theory and Experiment},
   publisher={IOP Publishing},
   author={Blondel, Vincent D and Guillaume, Jean-Loup and Lambiotte, Renaud and Lefebvre, Etienne},
   year={2008},
   pages={P10008}
}

@article{dash2019summarizing,
  title={Summarizing user-generated textual content: Motivation and methods for fairness in algorithmic summaries},
  author={Dash, Abhisek and Shandilya, Anurag and Biswas, Arindam and Ghosh, Kripabandhu and Ghosh, Saptarshi and Chakraborty, Abhijnan},
  journal={Proceedings of the ACM on Human-Computer Interaction},
  volume={3},
  number={CSCW},
  pages={1--28},
  year={2019},
  publisher={ACM New York, NY, USA}
}
@inproceedings{nenkova2004evaluating,
  title={Evaluating content selection in summarization: The pyramid method},
  author={Nenkova, Ani and Passonneau, Rebecca J},
  booktitle={Proceedings of the human language technology conference of the north american chapter of the association for computational linguistics: Hlt-naacl 2004},
  pages={145--152},
  year={2004}
}
@inproceedings{lin2004looking,
  title={Looking for a few good metrics: ROUGE and its evaluation},
  author={Lin, Chin-Yew and Och, FJ},
  booktitle={Ntcir Workshop},
  year={2004}
}
@article{gao2019preference,
  title={Preference-based interactive multi-document summarisation},
  author={Gao, Yang and Meyer, Christian M and Gurevych, Iryna},
  journal={Information Retrieval Journal},
  pages={1--31},
  year={2019},
  publisher={Springer}
}
@inproceedings{lin2004rouge,
  title={Rouge: A package for automatic evaluation of summaries},
  author={Lin, Chin-Yew},
  booktitle={Text summarization branches out},
  pages={74--81},
  year={2004}
}
@inproceedings{sun2019feasibility,
  title={The feasibility of embedding based automatic evaluation for single document summarization},
  author={Sun, Simeng and Nenkova, Ani},
  booktitle={Proceedings of the 2019 Conference on Empirical Methods in Natural Language Processing and the 9th International Joint Conference on Natural Language Processing (EMNLP-IJCNLP)},
  pages={1216--1221},
  year={2019}
}
@book{rawls2009theory,
  title={A theory of justice},
  author={Rawls, John},
  year={2009},
  publisher={Harvard university press}
}
@InCollection{sep-equality,
	author       =	{Gosepath, Stefan},
	title        =	{{Equality}},
	booktitle    =	{The {Stanford} Encyclopedia of Philosophy},
	editor       =	{Edward N. Zalta},
	howpublished =	{\url{https://plato.stanford.edu/archives/spr2011/entries/equality/}},
	year         =	{2011},
	edition      =	{Spring 2011},
	publisher    =	{Metaphysics Research Lab, Stanford University}
}
@inproceedings{babaei2018purple,
  title={Purple feed: Identifying high consensus news posts on social media},
  author={Babaei, Mahmoudreza and Kulshrestha, Juhi and Chakraborty, Abhijnan and Benevenuto, Fabr{\'\i}cio and Gummadi, Krishna P and Weller, Adrian},
  booktitle={Proceedings of the 2018 AAAI/ACM Conference on AI, Ethics, and Society},
  pages={10--16},
  year={2018}
}
@inproceedings{luong2011k,
  title={k-NN as an implementation of situation testing for discrimination discovery and prevention},
  author={Luong, Binh Thanh and Ruggieri, Salvatore and Turini, Franco},
  booktitle={Proc. ACM SIGKDD Conference on Knowledge Discovery and Data mining},
  pages={502--510},
  year={2011}
}
@article{gajane2017formalizing,
  title={On formalizing fairness in prediction with machine learning},
  author={Gajane, Pratik and Pechenizkiy, Mykola},
  journal={arXiv preprint arXiv:1710.03184},
  year={2017}
}
@inproceedings{heidari2019moral,
  title={A moral framework for understanding fair ml through economic models of equality of opportunity},
  author={Heidari, Hoda and Loi, Michele and Gummadi, Krishna P and Krause, Andreas},
  booktitle={Proceedings of the Conference on Fairness, Accountability, and Transparency},
  pages={181--190},
  year={2019}
}
@article{awad2018moral,
  title={The moral machine experiment},
  author={Awad, Edmond and Dsouza, Sohan and Kim, Richard and Schulz, Jonathan and Henrich, Joseph and Shariff, Azim and Bonnefon, Jean-Fran{\c{c}}ois and Rahwan, Iyad},
  journal={Nature},
  volume={563},
  number={7729},
  pages={59--64},
  year={2018},
  publisher={Nature Publishing Group}
}
@article{noothigattu2017voting,
  title={A voting-based system for ethical decision making},
  author={Noothigattu, Ritesh and Gaikwad, Snehalkumar'Neil'S and Awad, Edmond and Dsouza, Sohan and Rahwan, Iyad and Ravikumar, Pradeep and Procaccia, Ariel D},
  journal={arXiv preprint arXiv:1709.06692},
  year={2017}
}
@article{ali2019fairness,
  title={On the Fairness of Time-Critical Influence Maximization in Social Networks},
  author={Ali, Junaid and Babaei, Mahmoudreza and Chakraborty, Abhijnan and Mirzasoleiman, Baharan and Gummadi, Krishna P and Singla, Adish},
  journal={arXiv preprint arXiv:1905.06618},
  year={2019}
}
@article{zafar2019fairness,
  title={Fairness Constraints: A Flexible Approach for Fair Classification.},
  author={Zafar, Muhammad Bilal and Valera, Isabel and Gomez-Rodriguez, Manuel and Gummadi, Krishna P},
  journal={J. Mach. Learn. Res.},
  volume={20},
  number={75},
  pages={1--42},
  year={2019}
}
@inproceedings{patro2020fairrec,
  title={FairRec: Two-Sided Fairness for Personalized Recommendations in Two-Sided Platforms},
  author={Patro, Gourab K and Biswas, Arpita and Ganguly, Niloy and Gummadi, Krishna P and Chakraborty, Abhijnan},
  booktitle={Proceedings of The Web Conference 2020},
  pages={1194--1204},
  year={2020}
}
@article{lee2019webuildai,
  title={WeBuildAI: Participatory framework for algorithmic governance},
  author={Lee, Min Kyung and Kusbit, Daniel and Kahng, Anson and Kim, Ji Tae and Yuan, Xinran and Chan, Allissa and See, Daniel and Noothigattu, Ritesh and Lee, Siheon and Psomas, Alexandros and others},
  journal={Proceedings of the ACM on Human-Computer Interaction},
  volume={3},
  number={CSCW},
  pages={1--35},
  year={2019},
  publisher={ACM New York, NY, USA}
}
@inproceedings{darwish2017trump,
  title={Trump vs. Hillary: What went viral during the 2016 US presidential election},
  author={Darwish, Kareem and Magdy, Walid and Zanouda, Tahar},
  booktitle={International conference on social informatics},
  pages={143--161},
  year={2017},
  organization={Springer}
}
@inproceedings{srivastava2019mathematical,
  title={Mathematical notions vs. human perception of fairness: A descriptive approach to fairness for machine learning},
  author={Srivastava, Megha and Heidari, Hoda and Krause, Andreas},
  booktitle={Proceedings of the 25th ACM SIGKDD International Conference on Knowledge Discovery \& Data Mining},
  pages={2459--2468},
  year={2019}
}
@inproceedings{corbett2017algorithmic,
  title={Algorithmic decision making and the cost of fairness},
  author={Corbett-Davies, Sam and Pierson, Emma and Feller, Avi and Goel, Sharad and Huq, Aziz},
  booktitle={Proceedings of the 23rd acm sigkdd international conference on knowledge discovery and data mining},
  pages={797--806},
  year={2017}
}
@article{chouldechova2017fair,
  title={Fair prediction with disparate impact: A study of bias in recidivism prediction instruments},
  author={Chouldechova, Alexandra},
  journal={Big data},
  volume={5},
  number={2},
  pages={153--163},
  year={2017},
  publisher={Mary Ann Liebert, Inc. 140 Huguenot Street, 3rd Floor New Rochelle, NY 10801 USA}
}
@article{text-summarization-survey,
	author = {Allahyari, Mehdi and
	Pouriyeh, Seyed Amin and
	Assefi, Mehdi and
	Safaei, Saeid and
	Trippe, Elizabeth D. and
	Gutierrez, Juan B. and
	Kochut, Krys},
	title     = {{Text Summarization Techniques: A Brief Survey}},
	year      = {2017},
	journal   = {CoRR},
	url       = {http://arxiv.org/abs/1707.02268},
}

@inproceedings{He-dsdr,
	author = {He, Zhanying and others},
	title = {Document Summarization Based on Data Reconstruction},
	booktitle = {{Proc. AAAI}},
	year = {2012},
} 
@inproceedings{nallapati2017summarunner,
	title={SummaRuNNer: A Recurrent Neural Network Based Sequence Model for Extractive Summarization of Documents},
	author={Nallapati, Ramesh and Zhai, Feifei and Zhou, Bowen},
	booktitle={Proc. AAAI},
	year={2017}
}
@inproceedings{moratanch2016survey,
	title={A survey on abstractive text summarization},
	author={Moratanch, N and Chitrakala, S},
	booktitle={2016 International Conference on Circuit, power and computing technologies (ICCPCT)},
	pages={1--7},
	year={2016},
	organization={IEEE}
}
@article{gehrmann2018bottom,
	title={Bottom-up abstractive summarization},
	author={Gehrmann, Sebastian and Deng, Yuntian and Rush, Alexander M},
	journal={arXiv preprint arXiv:1808.10792},
	year={2018}
}


@inproceedings{mukherjee2020read,
author = {Mukherjee, Rajdeep and Peruri, Hari Chandana and Vishnu, Uppada and Goyal, Pawan and Bhattacharya, Sourangshu and Ganguly, Niloy},
title = {Read What You Need: Controllable Aspect-Based Opinion Summarization of Tourist Reviews},
year = {2020},
booktitle = {Proc. ACM SIGIR Conference},
pages = {1825â€“1828},
}



@inproceedings{shandilya2018fairness,
	title={Fairness of Extractive Text Summarization},
	author={Shandilya, Anurag and Ghosh, Kripabandhu and Ghosh, Saptarshi},
	booktitle={Companion Proceedings of the The Web Conference 2018},
	pages={97--98},
	year={2018}
}

@article{ganesan2015rouge,
	title={{ROUGE 2.0: Updated and Improved Measures for Evaluation of Summarization Tasks}},
	author={Ganesan, Kavita},
	journal   = {CoRR},
	volume    = {abs/1803.01937},
	year={2018}
}

@inproceedings{friedler2019comparative,
	title={A comparative study of fairness-enhancing interventions in machine learning},
	author={Friedler, Sorelle A and Scheidegger, Carlos and Venkatasubramanian, Suresh and Choudhary, Sonam and Hamilton, Evan P and Roth, Derek},
	booktitle={Proc. ACM FAT*},
	year={2019}
}