
@INPROCEEDINGS{Acar2021federated,
  title     = "Federated Learning Based on Dynamic Regularization",
  booktitle = "International Conference on Learning Representations (ICLR)",
  author    = "Acar, Durmus Alp Emre and Zhao, Yue and Matas, Ramon and
               Mattina, Matthew and Whatmough, Paul and Saligrama, Venkatesh",
  month     =  may,
  year      =  2021
}



@INPROCEEDINGS{Bonawitz2019towards,
  title     = "Towards Federated Learning at Scale: System Design",
  booktitle = "Proceedings of Machine Learning and Systems",
  author    = "Bonawitz, Keith and Eichner, Hubert and Grieskamp, Wolfgang and
               Huba, Dzmitry and Ingerman, Alex and Ivanov, Vladimir and
               Kiddon, Chlo{\'e} and Kone{\v c}n{\'y}, Jakub and Mazzocchi,
               Stefano and McMahan, Brendan and Van Overveldt, Timon and
               Petrou, David and Ramage, Daniel and Roselander, Jason",
  editor    = "Talwalkar, A and Smith, V and Zaharia, M",
  volume    =  1,
  pages     = "374--388",
  year      =  2019
}


@inproceedings{Cohen2017emnist,
  title={EMNIST: Extending MNIST to handwritten letters},
  author={Cohen, Gregory and Afshar, Saeed and Tapson, Jonathan and Van Schaik, Andre},
  booktitle={International Joint Conference on Neural Networks (IJCNN)},
  pages={2921--2926},
  year={2017}
}

@BOOK{Cover2006elements,
  title     = "Elements of information theory",
  author    = "Cover, Thomas M. and Thomas, Joy A.",
  publisher = "Wiley-Interscience",
  year      =  2006,
  address   = "New York"
}


@INPROCEEDINGS{Han2016deep,
  title     = "Deep Compression: Compressing Deep Neural Networks with Pruning,
               Trained Quantization and Huffman Coding",
  booktitle = "International Conference on Learning Representations (ICLR)",
  author    = "Han, Song and Mao, Huizi and Dally, William J.",
  volume    = "abs/1510.0",
  month     =  oct,
  year      =  2016
}



@inproceedings{Han2020adaptive,
  title={Adaptive gradient sparsification for efficient federated learning: An online learning approach},
  author={Han, Pengchao and Wang, Shiqiang and Leung, Kin K},
  booktitle={IEEE 40th International Conference on Distributed Computing Systems (ICDCS)},
  pages={300--310},
  year={2020}
}

@article{Hoerl1970ridge,
  title={Ridge regression: Biased estimation for nonorthogonal problems},
  author={Hoerl, Arthur E and Kennard, Robert W},
  journal={Technometrics},
  volume={12},
  number={1},
  pages={55--67},
  year={1970},
  publisher={Taylor \& Francis}
}

@article{Hu2018group,
  title={A group adaptive elastic-net approach for variable selection in high-dimensional linear regression},
  author={Hu, Jianhua and Huang, Jian and Qiu, Feng},
  journal={Science China Mathematics},
  volume={61},
  number={1},
  pages={173--188},
  year={2018},
  publisher={Springer}
}

@INPROCEEDINGS{Jeong2021federated,
  title     = {{Federated semi-supervised learning with inter-client
               consistency \& disjoint learning}},
  booktitle = "International Conference on Learning Representations (ICLR)",
  author    = "Jeong, Wonyong and Yoon, Jaehong and Yang, Eunho and Hwang, Sung
               Ju",
  year      =  2021,
  keywords  = "Computer Science - Machine Learning; Statistics - Machine
               Learning"
}


@article{Kairouz2021advances,
  title={Advances and open problems in federated learning},
  author={Kairouz, Peter and McMahan, H. Brendan and Avent, Brendan and Bellet, Aur{\'e}lien and Bennis, Mehdi and Bhagoji, Arjun Nitin and Bonawitz, Kallista and Charles, Zachary and Cormode, Graham and Cummings, Rachel and others},
  journal={Foundations and Trends{\textregistered} in Machine Learning},
  volume={14},
  number={1--2},
  pages={1--210},
  year={2021},
  publisher={Now Publishers, Inc.}
}


@inproceedings{Karimireddy2020scaffold,
  title={Scaffold: Stochastic controlled averaging for federated learning},
  author={Karimireddy, Sai Praneeth and Kale, Satyen and Mohri, Mehryar and Reddi, Sashank and Stich, Sebastian and Suresh, Ananda Theertha},
  booktitle={International Conference on Machine Learning (ICML)},
  pages={5132--5143},
  year={2020}
}

@article{Konevcny2016federatedlearning,
  title={Federated learning: Strategies for improving communication efficiency},
  author={Kone{\v{c}}n{\`y}, Jakub and McMahan, H. Brendan and Yu, Felix X. and Richt{\'a}rik, Peter and Suresh, Ananda Theertha and Bacon, Dave},
  journal={arXiv preprint arXiv:1610.05492},
  year={2016}
}

@article{Konevcny2016federated,
  title={Federated optimization: Distributed machine learning for on-device intelligence},
  author={Kone{\v{c}}n{\`y}, Jakub and McMahan, H. Brendan and Ramage, Daniel and Richt{\'a}rik, Peter},
  journal={arXiv preprint arXiv:1610.02527},
  year={2016}
}

@techreport{Krizhevsky2009learning,
   author = {Alex Krizhevsky and Geoffrey Hinton},
   institution = {University of Toronto},
   title = {Learning multiple layers of features from tiny images},
   year = {2009},
}


@article{Lecun1998gradient,
  title={Gradient-based learning applied to document recognition},
  author={LeCun, Yann and Bottou, L{\'e}on and Bengio, Yoshua and Haffner, Patrick},
  journal={Proceedings of the IEEE},
  volume={86},
  number={11},
  pages={2278--2324},
  year={1998},
  publisher={Ieee}
}

@inproceedings{Li2020federated,
    author = {Li, Tian and Sahu, Anit Kumar and Zaheer, Manzil and Sanjabi, Maziar and Talwalkar, Ameet and Smith, Virginia},
    booktitle = {Proceedings of Machine Learning and Systems},
    pages = {429--450},
    title = {{Federated optimization in heterogeneous networks}},
    volume = {2},
    year = {2020}
}

@article{Li2020federatedlearning,
  title={Federated learning: Challenges, methods, and future directions},
  author={Li, Tian and Sahu, Anit Kumar and Talwalkar, Ameet and Smith, Virginia},
  journal={IEEE Signal Processing Magazine},
  volume={37},
  number={3},
  pages={50--60},
  year={2020},
  publisher={IEEE}
}

@inproceedings{Malinovskiy2020local,
  title={From local SGD to local fixed-point methods for federated learning},
  author={Malinovskiy, Grigory and Kovalev, Dmitry and Gasanov, Elnur and Condat, Laurent and Richtarik, Peter},
  booktitle={International Conference on Machine Learnin (ICML)},
  pages={6692--6701},
  year={2020}
}

@inproceedings{McMahan2017communication,
    title={Communication-efficient learning of deep networks from decentralized data},
    author={McMahan, H. Brendan and Moore, Eider and Ramage, Daniel and Hampson, Seth and y Arcas, Blaise Aguera},
    booktitle = {International Conference on Artificial Intelligence and Statistics (AISTATS)},
    pages={1273--1282},
    year={2017},
    organization={PMLR}
}

@inproceedings{Reisizadeh2020fedpaq,
    author = {Reisizadeh, Amirhossein and Mokhtari, Aryan and Hassani, Hamed and Jadbabaie, Ali and Pedarsani, Ramtin},
    booktitle = {International Conference on Artificial Intelligence and Statistics (AISTATS)},
    month = aug,
    pages = {2021--2031},
    title = {{FedPAQ: A communication-efficient federated learning method with periodic averaging and quantization}},
    volume = {108},
    year = {2020}
}

@book{Shakespeare1914complete,
  title={The complete works of William Shakespeare},
  author={Shakespeare, William},
  year={1914},
  publisher={Humphrey Milford, Oxford University Press},
  URL = {http://www.gutenberg.org/files/100/old/1994-01-100.zip}
}

@article{Tibshirani1996regression,
  title={Regression shrinkage and selection via the lasso},
  author={Tibshirani, Robert},
  journal={Journal of the Royal Statistical Society: Series B (Methodological)},
  volume={58},
  number={1},
  pages={267--288},
  year={1996},
  publisher={Wiley Online Library}
}

@article{Xu2020ternary,
  title={Ternary compression for communication-efficient federated learning},
  author={Xu, Jinjin and Du, Wenli and Jin, Yaochu and He, Wangli and Cheng, Ran},
  journal={IEEE Transactions on Neural Networks and Learning Systems},
  year={2020},
  publisher={IEEE}
}


@INPROCEEDINGS{Yoon2021federated,
  title     = "Federated Continual Learning with Weighted Inter-client Transfer",
  booktitle = "International Conference on Machine Learning (ICML)",
  author    = "Yoon, Jaehong and Jeong, Wonyong and Lee, Giwoong and Yang,
               Eunho and Hwang, Sung Ju",
  editor    = "Meila, Marina and Zhang, Tong",
  volume    =  139,
  pages     = "12073--12086",
  series    = "Proceedings of Machine Learning Research",
  year      =  2021
}


@article{Zhao2018federated,
  title={Federated learning with non-iid data},
  author={Zhao, Yue and Li, Meng and Lai, Liangzhen and Suda, Naveen and Civin, Damon and Chandra, Vikas},
  journal={arXiv preprint arXiv:1806.00582},
  year={2018}
}

@article{Zou2005regularization,
  title={Regularization and variable selection via the elastic net},
  author={Zou, Hui and Hastie, Trevor},
  journal={Journal of the Royal Statistical Society: Series B (Statistical Methodology)},
  volume={67},
  number={2},
  pages={301--320},
  year={2005},
  publisher={Wiley Online Library}
}

@article{Zou2006sparse,
  title={Sparse principal component analysis},
  author={Zou, Hui and Hastie, Trevor and Tibshirani, Robert},
  journal={Journal of computational and graphical statistics},
  volume={15},
  number={2},
  pages={265--286},
  year={2006},
  publisher={Taylor \& Francis}
}

@article{Zou2007degrees,
  title={On the “degrees of freedom” of the lasso},
  author={Zou, Hui and Hastie, Trevor and Tibshirani, Robert},
  journal={The Annals of Statistics},
  volume={35},
  number={5},
  pages={2173--2192},
  year={2007},
  publisher={Institute of Mathematical Statistics}
}


@article{Zhou2022penalty,
  title={Exact Penalty Method for Federated Learning},
  author={Zhou, shenglong and Li, Geoffrey Ye},
  journal={arXiv preprint arXiv:2208.11231},
  year={2022}
}

@book{Nesterove2018,
  title={Lectures on convex optimization},
  author={Nesterov, Y.},
  year={2018},
  volume = {137},
  publisher={springer},
  URL = {https://link.springer.com/content/pdf/10.1007/978-3-319-91578-4.pdf}
}

@book{Durrett2019,
	author	= "Rick Durrett",
	title	= "Probability: Theory and Examples",
	edition	= "Fifth",
	publisher	= "Cambridge University Press",
	address	= "Cambridge, UK",
	year	= "2019",
	doi	= "10.1017/9781108591034"
};

@book{vershynin2018high,
  title={High-dimensional probability: An introduction with applications in data science},
  author={Vershynin, Roman},
  volume={47},
  year={2018},
  publisher={Cambridge university press}
}