@inproceedings{DIR,
  title={Delving into deep imbalanced regression},
  author={Yang, Yuzhe and Zha, Kaiwen and Chen, Yingcong and Wang, Hao and Katabi, Dina},
  booktitle={International Conference on Machine Learning},
  pages={11842--11851},
  year={2021},
  organization={PMLR}
}

@inproceedings{MDLT,
  title={On Multi-Domain Long-Tailed Recognition, Generalization and Beyond},
  author={Yang, Yuzhe and Wang, Hao and Katabi, Dina},
  booktitle={ECCV},
  year={2022}
}

@inproceedings{NPN,
  title={Natural-parameter networks: A class of probabilistic neural networks},
  author={Wang, Hao and Xingjian, SHI and Yeung, Dit-Yan},
  booktitle={NIPS},
  pages={118--126},
  year={2016}
}

@article{BDL,
  title={Towards Bayesian deep learning: A framework and some existing methods},
  author={Wang, Hao and Yeung, Dit-Yan},
  journal={TDKE},
  volume={28},
  number={12},
  pages={3395--3408},
  year={2016}
}

@article{BDLSurvey,
  title={A Survey on Bayesian Deep Learning},
  author={Wang, Hao and Yeung, Dit-Yan},
  journal={CSUR},
  volume={53},
  number={5},
  pages={1--37},
  year={2020}
}

@inproceedings{ExposureBias,
  author    = {Shantanu Gupta and               
               Hao Wang and
               Zachary Lipton and
               Yuyang Wang},
  title     = {Correcting exposure bias for link recommendation},
  booktitle = {ICML},
  year      = {2021}
}

@inproceedings{CounTS,
  author    = {Hao Wang and
               Jingquan Yan},
  title     = {Self-Interpretable Time Series Prediction with Counterfactual Explanations},
  booktitle = {ICML},
  year      = {2023}
}

@inproceedings{BIN,
  title={Bidirectional inference networks: A class of deep bayesian networks for health profiling},
  author={Wang, Hao and Mao, Chengzhi and He, Hao and Zhao, Mingmin and Jaakkola, Tommi S and Katabi, Dina},
  booktitle={AAAI},
  volume={33},
  pages={766--773},
  year={2019}
}

@inproceedings{REN,
  title={Context Uncertainty in Contextual Bandits with Applications to Recommender Systems},
  author={Wang, Hao and Ma, Yifei and Ding, Hao and Wang, Yuyang},
  booktitle   = {AAAI},
  year={2022}
}

@inproceedings{RankSim,
  author    = {Yu Gong and
               Greg Mori and
               Frederick Tung},
  title     = {RankSim: Ranking Similarity Regularization for Deep Imbalanced Regression},
  booktitle = {International Conference on Machine Learning, {ICML} 2022, 17-23 July
               2022, Baltimore, Maryland, {USA}},
  series    = {Proceedings of Machine Learning Research},
  volume    = {162},
  pages     = {7634--7649},
  publisher = {{PMLR}},
  year      = {2022}
}

@inproceedings{TS,
  title={On calibration of modern neural networks},
  author={Guo, Chuan and Pleiss, Geoff and Sun, Yu and Weinberger, Kilian Q},
  booktitle={International conference on machine learning},
  pages={1321--1330},
  year={2017},
  organization={PMLR}
}

@inproceedings{balancedMSE,
  author    = {Jiawei Ren and
               Mingyuan Zhang and
               Cunjun Yu and
               Ziwei Liu},
  title     = {Balanced MSE for Imbalanced Visual Regression},
  booktitle = {{IEEE/CVF} Conference on Computer Vision and Pattern Recognition,
               {CVPR} 2022, New Orleans, LA, USA, June 18-24, 2022},
  pages     = {7916--7925},
  publisher = {{IEEE}},
  year      = {2022}
}

@article{uncertain9,
  title={Nomu: Neural optimization-based model uncertainty},
  author={Heiss, Jakob and Weissteiner, Jakob and Wutte, Hanna and Seuken, Sven and Teichmann, Josef},
  journal={arXiv preprint arXiv:2102.13640},
  year={2021}
}

@inproceedings{uncertain8,
  author    = {Jasper Snoek and
               Yaniv Ovadia and
               Emily Fertig and
               Balaji Lakshminarayanan and
               Sebastian Nowozin and
               D. Sculley and
               Joshua V. Dillon and
               Jie Ren and
               Zachary Nado},
  title     = {Can you trust your model's uncertainty? Evaluating predictive uncertainty under dataset shift},
  booktitle = {Advances in Neural Information Processing Systems 32: Annual Conference
               on Neural Information Processing Systems 2019, NeurIPS 2019, December
               8-14, 2019, Vancouver, BC, Canada},
  pages     = {13969--13980},
  year      = {2019}
}

@inproceedings{uncertain7,
  author    = {Maximilian Stadler and
               Bertrand Charpentier and
               Simon Geisler and
               Daniel Z{\"{u}}gner and
               Stephan G{\"{u}}nnemann},
  title     = {Graph Posterior Network: Bayesian Predictive Uncertainty for Node Classification},
  booktitle = {Advances in Neural Information Processing Systems 34: Annual Conference
               on Neural Information Processing Systems 2021, NeurIPS 2021, December
               6-14, 2021, virtual},
  pages     = {18033--18048},
  year      = {2021}
}

@inproceedings{uncertain6,
  author    = {Yarin Gal and
               Zoubin Ghahramani},
  title     = {Dropout as a Bayesian Approximation: Representing Model Uncertainty in Deep Learning},
  booktitle = {Proceedings of the 33nd International Conference on Machine Learning,
               {ICML} 2016, New York City, NY, USA, June 19-24, 2016},
  series    = {{JMLR} Workshop and Conference Proceedings},
  volume    = {48},
  pages     = {1050--1059},
  publisher = {JMLR.org},
  year      = {2016}
}

@article{krizhevsky2009learning,
  title={Learning multiple layers of features from tiny images},
  author={Krizhevsky, Alex and Hinton, Geoffrey and others},
  year={2009},
  publisher={Citeseer}
}

@inproceedings{natPN,
  author    = {Bertrand Charpentier and
               Oliver Borchert and
               Daniel Z{\"{u}}gner and
               Simon Geisler and
               Stephan G{\"{u}}nnemann},
  title     = {Natural Posterior Network: Deep Bayesian Predictive Uncertainty for
               Exponential Family Distributions},
  booktitle = {The Tenth International Conference on Learning Representations, {ICLR}
               2022, Virtual Event, April 25-29, 2022},
  publisher = {OpenReview.net},
  year      = {2022}
}

@inproceedings{postnet,
  author    = {Bertrand Charpentier and
               Daniel Z{\"{u}}gner and
               Stephan G{\"{u}}nnemann},
  title     = {Posterior Network: Uncertainty Estimation without {OOD} Samples via
               Density-Based Pseudo-Counts},
  booktitle = {Advances in Neural Information Processing Systems 33: Annual Conference
               on Neural Information Processing Systems 2020, NeurIPS 2020, December
               6-12, 2020, virtual},
  year      = {2020}
}

@inproceedings{uncertain3,
 author = {Liu, Jeremiah and Lin, Zi and Padhy, Shreyas and Tran, Dustin and Bedrax Weiss, Tania and Lakshminarayanan, Balaji},
 booktitle = {Advances in Neural Information Processing Systems},
 publisher = {Curran Associates, Inc.},
 title = {Simple and Principled Uncertainty Estimation with Deterministic Deep Learning via Distance Awareness},
 volume = {33},
 year = {2020}
}

@article{uncertain2,
  author    = {Joost van Amersfoort and
               Lewis Smith and
               Andrew Jesson and
               Oscar Key and
               Yarin Gal},
  title     = {Improving Deterministic Uncertainty Estimation in Deep Learning for
               Classification and Regression},
  journal   = {CoRR},
  volume    = {abs/2102.11409},
  year      = {2021}
}

@inproceedings{schnabel2016recommendations,
  title={Recommendations as treatments: Debiasing learning and evaluation},
  author={Schnabel, Tobias and Swaminathan, Adith and Singh, Ashudeep and Chandak, Navin and Joachims, Thorsten},
  booktitle={international conference on machine learning},
  pages={1670--1679},
  year={2016},
  organization={PMLR}
}

@inproceedings{DeepEnsemble,
  author    = {Balaji Lakshminarayanan and
               Alexander Pritzel and
               Charles Blundell},
  title     = {Simple and Scalable Predictive Uncertainty Estimation using Deep Ensembles},
  booktitle = {Advances in Neural Information Processing Systems 30: Annual Conference
               on Neural Information Processing Systems 2017, December 4-9, 2017,
               Long Beach, CA, {USA}},
  pages     = {6402--6413},
  year      = {2017}
}

@inproceedings{Long-Tailed-Age-Classification,
  author    = {Zongyong Deng and
               Hao Liu and
               Yaoxing Wang and
               Chenyang Wang and
               Zekuan Yu and
               Xuehong Sun},
  title     = {{PML:} Progressive Margin Loss for Long-Tailed Age Classification},
  booktitle = {{IEEE} Conference on Computer Vision and Pattern Recognition, {CVPR}
               2021, virtual, June 19-25, 2021},
  year      = {2021}
}

@article{bishop1994mixture,
  title={Mixture density networks},
  author={Bishop, Christopher M},
  year={1994},
  isbn = {NCRG/94/004},
  publisher={Aston University}
}

@book{gupta2018matrix,
  title={Matrix variate distributions},
  author={Gupta, Arjun K and Nagar, Daya K},
  volume={104},
  year={2018},
  publisher={CRC Press}
}

@inproceedings{zhang2019reducing,
  title={Reducing uncertainty in undersampled mri reconstruction with active acquisition},
  author={Zhang, Zizhao and Romero, Adriana and Muckley, Matthew J and Vincent, Pascal and Yang, Lin and Drozdzal, Michal},
  booktitle={Proceedings of the IEEE/CVF Conference on Computer Vision and Pattern Recognition},
  pages={2049--2058},
  year={2019}
}

@article{zelikman2020crude,
  title={CRUDE: calibrating regression uncertainty distributions empirically},
  author={Zelikman, Eric and Healy, Christopher and Zhou, Sharon and Avati, Anand},
  journal={arXiv preprint arXiv:2005.12496},
  year={2020}
}

@inproceedings{song2019distribution,
  title={Distribution calibration for regression},
  author={Song, Hao and Diethe, Tom and Kull, Meelis and Flach, Peter},
  booktitle={International Conference on Machine Learning},
  pages={5897--5906},
  year={2019},
  organization={PMLR}
}

@inproceedings{kuleshov2018accurate,
  title={Accurate uncertainties for deep learning using calibrated regression},
  author={Kuleshov, Volodymyr and Fenner, Nathan and Ermon, Stefano},
  booktitle={International Conference on Machine Learning},
  pages={2796--2804},
  year={2018},
  organization={PMLR}
}

@article{kendall2017uncertainties,
  title={What uncertainties do we need in bayesian deep learning for computer vision?},
  author={Kendall, Alex and Gal, Yarin},
  journal={arXiv preprint arXiv:1703.04977},
  year={2017}
}

@article{SMOTE,
  title={SMOTE: synthetic minority over-sampling technique},
  author={Chawla, Nitesh V and Bowyer, Kevin W and Hall, Lawrence O and Kegelmeyer, W Philip},
  journal={Journal of artificial intelligence research},
  volume={16},
  pages={321--357},
  year={2002}
}

@inproceedings{chen2020simple,
  title={A simple framework for contrastive learning of visual representations},
  author={Chen, Ting and Kornblith, Simon and Norouzi, Mohammad and Hinton, Geoffrey},
  booktitle={International conference on machine learning},
  pages={1597--1607},
  year={2020},
  organization={PMLR}
}

@article{DIR-NEW-CVPR,
  author    = {Jiawei Ren and
               Mingyuan Zhang and
               Cunjun Yu and
               Ziwei Liu},
  title     = {Balanced {MSE} for Imbalanced Visual Regression},
  journal   = {CoRR},
  volume    = {abs/2203.16427},
  year      = {2022}
}

@inproceedings{AGEDB,
  author    = {Stylianos Moschoglou and
               Athanasios Papaioannou and
               Christos Sagonas and
               Jiankang Deng and
               Irene Kotsia and
               Stefanos Zafeiriou},
  title     = {AgeDB: The First Manually Collected, In-the-Wild Age Database},
  booktitle = {2017 {IEEE} Conference on Computer Vision and Pattern Recognition
               Workshops, {CVPR} Workshops 2017, Honolulu, HI, USA, July 21-26, 2017},
  pages     = {1997--2005},
  year      = {2017}
}

@article{IMDBWIKI,
  author    = {Rasmus Rothe and
               Radu Timofte and
               Luc Van Gool},
  title     = {Deep Expectation of Real and Apparent Age from a Single Image Without
               Facial Landmarks},
  journal   = {Int. J. Comput. Vis.},
  volume    = {126},
  number    = {2-4},
  pages     = {144--157},
  year      = {2018}
}

@article{NYUD2,
  title={Indoor segmentation and support inference from rgbd images.},
  author={Silberman, Nathan and Hoiem, Derek and Kohli, Pushmeet and Fergus, Rob},
  journal={ECCV (5)},
  volume={7576},
  pages={746--760},
  year={2012}
}

@article{Uncertainty4ML,
  author    = {Eyke H{\"{u}}llermeier and
               Willem Waegeman},
  title     = {Aleatoric and Epistemic Uncertainty in Machine Learning: {A} Tutorial
               Introduction},
  journal   = {CoRR},
  volume    = {abs/1910.09457},
  year      = {2019}
}

@article{DER,
  title={Deep evidential regression},
  author={Amini, Alexander and Schwarting, Wilko and Soleimany, Ava and Rus, Daniela},
  journal={Advances in Neural Information Processing Systems},
  volume={33},
  pages={14927--14937},
  year={2020}
}

@inproceedings{TFuncertainty,
  author    = {Lu Mi and
               Hao Wang and
               Yonglong Tian and
               Nir Shavit},
  title     = {Training-Free Uncertainty Estimation for Neural Networks},
  booktitle   = {AAAI},
  year      = {2022}
}

@inproceedings{ExampleCV,
  author    = {Wei Yin and
               Jianming Zhang and
               Oliver Wang and
               Simon Niklaus and
               Long Mai and
               Simon Chen and
               Chunhua Shen},
  title     = {Learning To Recover 3D Scene Shape From a Single Image},
  booktitle = {{IEEE} Conference on Computer Vision and Pattern Recognition, {CVPR}
               2021, virtual, June 19-25, 2021},
  pages     = {204--213},
  publisher = {Computer Vision Foundation / {IEEE}},
  year      = {2021}
}

@inproceedings{ExampleNLP,
  author    = {Haoming Jiang and
               Pengcheng He and
               Weizhu Chen and
               Xiaodong Liu and
               Jianfeng Gao and
               Tuo Zhao},
  editor    = {Dan Jurafsky and
               Joyce Chai and
               Natalie Schluter and
               Joel R. Tetreault},
  title     = {{SMART:} Robust and Efficient Fine-Tuning for Pre-trained Natural
               Language Models through Principled Regularized Optimization},
  booktitle = {Proceedings of the 58th Annual Meeting of the Association for Computational
               Linguistics, {ACL} 2020, Online, July 5-10, 2020},
  pages     = {2177--2190},
  publisher = {Association for Computational Linguistics},
  year      = {2020}
}
  
@inproceedings{IRrelated1,
  author    = {Lu{\'{\i}}s Torgo and
               Rita P. Ribeiro and
               Bernhard Pfahringer and
               Paula Branco},
  editor    = {Lu{\'{\i}}s Correia and
               Lu{\'{\i}}s Paulo Reis and
               Jos{\'{e}} Cascalho},
  title     = {{SMOTE} for Regression},
  booktitle = {Progress in Artificial Intelligence - 16th Portuguese Conference on
               Artificial Intelligence, {EPIA} 2013, Angra do Hero{\'{\i}}smo,
               Azores, Portugal, September 9-12, 2013. Proceedings},
  series    = {Lecture Notes in Computer Science},
  volume    = {8154},
  pages     = {378--389},
  publisher = {Springer},
  year      = {2013}
}

@inproceedings{IRrelated2,
  title={SMOGN: a pre-processing approach for imbalanced regression},
  author={Branco, Paula and Torgo, Lu{\'\i}s and Ribeiro, Rita P},
  booktitle={First international workshop on learning with imbalanced domains: Theory and applications},
  pages={36--50},
  year={2017},
  organization={PMLR}
}

@inproceedings{IRrelated3,
  title={Rebagg: Resampled bagging for imbalanced regression},
  author={Branco, Paula and Torgo, Luis and Ribeiro, Rita P},
  booktitle={Second International Workshop on Learning with Imbalanced Domains: Theory and Applications},
  pages={67--81},
  year={2018},
  organization={PMLR}
}

@inproceedings{whitening,
  author    = {Baochen Sun and
               Jiashi Feng and
               Kate Saenko},
  title     = {Return of Frustratingly Easy Domain Adaptation},
  booktitle = {Proceedings of the Thirtieth {AAAI} Conference on Artificial Intelligence,
               February 12-17, 2016, Phoenix, Arizona, {USA}},
  pages     = {2058--2065},
  publisher = {{AAAI} Press},
  year      = {2016}
}

@inproceedings{VAE,
  author    = {Diederik P. Kingma and
               Max Welling},
  title     = {Auto-Encoding Variational Bayes},
  booktitle = {2nd International Conference on Learning Representations, {ICLR} 2014,
               Banff, AB, Canada, April 14-16, 2014, Conference Track Proceedings},
  year      = {2014}
}

@inproceedings{longtailed,
  author    = {Ziwei Liu and
               Zhongqi Miao and
               Xiaohang Zhan and
               Jiayun Wang and
               Boqing Gong and
               Stella X. Yu},
  title     = {Large-Scale Long-Tailed Recognition in an Open World},
  booktitle = {{IEEE} Conference on Computer Vision and Pattern Recognition, {CVPR}
               2019, Long Beach, CA, USA, June 16-20, 2019},
  pages     = {2537--2546},
  publisher = {Computer Vision Foundation / {IEEE}},
  year      = {2019}
}

@inproceedings{ResNet,
  author    = {Kaiming He and
               Xiangyu Zhang and
               Shaoqing Ren and
               Jian Sun},
  title     = {Deep Residual Learning for Image Recognition},
  booktitle = {2016 {IEEE} Conference on Computer Vision and Pattern Recognition,
               {CVPR} 2016, Las Vegas, NV, USA, June 27-30, 2016},
  pages     = {770--778},
  publisher = {{IEEE} Computer Society},
  year      = {2016}
}

@book{PRML,
  title={Pattern recognition and machine learning},
  author={Bishop, Christopher M},
  year={2006},
  publisher={springer}
}

@inproceedings{AUSE,
  author    = {Eddy Ilg and
               {\"{O}}zg{\"{u}}n {\c{C}}i{\c{c}}ek and
               Silvio Galesso and
               Aaron Klein and
               Osama Makansi and
               Frank Hutter and
               Thomas Brox},
  title     = {Uncertainty Estimates and Multi-hypotheses Networks for Optical Flow},
  booktitle = {Computer Vision - {ECCV} 2018 - 15th European Conference, Munich,
               Germany, September 8-14, 2018, Proceedings, Part {VII}},
  series    = {Lecture Notes in Computer Science},
  volume    = {11211},
  pages     = {677--693},
  publisher = {Springer},
  year      = {2018}
}

@inproceedings{Adam,
  author    = {Diederik P. Kingma and
               Jimmy Ba},
  title     = {Adam: {A} Method for Stochastic Optimization},
  booktitle = {3rd International Conference on Learning Representations, {ICLR} 2015,
               San Diego, CA, USA, May 7-9, 2015, Conference Track Proceedings},
  year      = {2015}
}

@inproceedings{mixup,
  author    = {Hongyi Zhang and
               Moustapha Ciss{\'{e}} and
               Yann N. Dauphin and
               David Lopez{-}Paz},
  title     = {mixup: Beyond Empirical Risk Minimization},
  booktitle = {6th International Conference on Learning Representations, {ICLR} 2018,
               Vancouver, BC, Canada, April 30 - May 3, 2018, Conference Track Proceedings},
  publisher = {OpenReview.net},
  year      = {2018}
}

@article{wang2018glue,
  title={GLUE: A Multi-Task Benchmark and Analysis Platform for Natural Language Understanding},
  author={Wang, Alex and Singh, Amanpreet and Michael, Julian and Hill, Felix and Levy, Omer and Bowman, Samuel R},
  journal={EMNLP 2018},
  pages={353},
  year={2018}
}

@inproceedings{pennington2014glove,
  title={Glove: Global vectors for word representation},
  author={Pennington, Jeffrey and Socher, Richard and Manning, Christopher D},
  booktitle={Proceedings of the 2014 conference on empirical methods in natural language processing (EMNLP)},
  pages={1532--1543},
  year={2014}
}

@article{bilstm,
  author    = {Zhiheng Huang and
               Wei Xu and
               Kai Yu},
  title     = {Bidirectional {LSTM-CRF} Models for Sequence Tagging},
  journal   = {CoRR},
  year      = {2015}
}

@inproceedings{STS-b,
  title={SemEval-2017 Task 1: Semantic Textual Similarity Multilingual and Crosslingual Focused Evaluation},
  author={Cer, Daniel and Diab, Mona and Agirre, Eneko and Lopez-Gazpio, I{\~n}igo and Specia, Lucia},
  booktitle={Proceedings of the 11th International Workshop on Semantic Evaluation},
  pages={1--14},
  year={2017}
}


@inproceedings{m-mixup,
  title={Manifold mixup: Better representations by interpolating hidden states},
  author={Verma, Vikas and Lamb, Alex and Beckham, Christopher and Najafi, Amir and Mitliagkas, Ioannis and Lopez-Paz, David and Bengio, Yoshua},
  booktitle={International conference on machine learning},
  pages={6438--6447},
  year={2019},
  organization={PMLR}
}

@article{random-search,
  title={Random search for hyper-parameter optimization.},
  author={Bergstra, James and Bengio, Yoshua},
  journal={Journal of machine learning research},
  volume={13},
  number={2},
  year={2012}
}