@article{goodfellow2014explaining,
  title={Explaining and harnessing adversarial examples},
  author={Goodfellow, Ian J and Shlens, Jonathon and Szegedy, Christian},
  journal={arXiv preprint arXiv:1412.6572},
  year={2014}
}

@article{szegedy2013intriguing,
  title={Intriguing properties of neural networks},
  author={Szegedy, Christian and Zaremba, Wojciech and Sutskever, Ilya and Bruna, Joan and Erhan, Dumitru and Goodfellow, Ian and Fergus, Rob},
  journal={arXiv preprint arXiv:1312.6199},
  year={2013}
}


@article{xu2019adversarial,
  title={Adversarial attacks and defenses in images, graphs and text: A review},
  author={Xu, Han and Ma, Yao and Liu, Haochen and Deb, Debayan and Liu, Hui and Tang, Jiliang and Jain, Anil},
  journal={arXiv preprint arXiv:1909.08072},
  year={2019}
}

@article{madry2017towards,
  title={Towards deep learning models resistant to adversarial attacks},
  author={Madry, Aleksander and Makelov, Aleksandar and Schmidt, Ludwig and Tsipras, Dimitris and Vladu, Adrian},
  journal={arXiv preprint arXiv:1706.06083},
  year={2017}
}

@article{cohen2019certified,
  title={Certified adversarial robustness via randomized smoothing},
  author={Cohen, Jeremy M and Rosenfeld, Elan and Kolter, J Zico},
  journal={arXiv preprint arXiv:1902.02918},
  year={2019}
}

@article{zhang2019theoretically,
  title={Theoretically principled trade-off between robustness and accuracy},
  author={Zhang, Hongyang and Yu, Yaodong and Jiao, Jiantao and Xing, Eric P and Ghaoui, Laurent El and Jordan, Michael I},
  journal={arXiv preprint arXiv:1901.08573},
  year={2019}
}

@article{wong2017provable,
  title={Provable defenses against adversarial examples via the convex outer adversarial polytope},
  author={Wong, Eric and Kolter, J Zico},
  journal={arXiv preprint arXiv:1711.00851},
  year={2017}
}

@article{raghunathan2018certified,
  title={Certified defenses against adversarial examples},
  author={Raghunathan, Aditi and Steinhardt, Jacob and Liang, Percy},
  journal={arXiv preprint arXiv:1801.09344},
  year={2018}
}

@article{krizhevsky2009learning,
  title={Learning multiple layers of features from tiny images},
  author={Krizhevsky, Alex and Hinton, Geoffrey and others},
  year={2009},
  publisher={Citeseer}
}

@inproceedings{he2016deep,
  title={Deep residual learning for image recognition},
  author={He, Kaiming and Zhang, Xiangyu and Ren, Shaoqing and Sun, Jian},
  booktitle={Proceedings of the IEEE conference on computer vision and pattern recognition},
  pages={770--778},
  year={2016}
}

@article{jin2020adversarial,
  title={Adversarial Attacks and Defenses on Graphs: A Review and Empirical Study},
  author={Jin, Wei and Li, Yaxin and Xu, Han and Wang, Yiqi and Tang, Jiliang},
  journal={arXiv preprint arXiv:2003.00653},
  year={2020}
}

@article{ding2018max,
  title={Max-margin adversarial (mma) training: Direct input space margin maximization through adversarial training},
  author={Ding, Gavin Weiguang and Sharma, Yash and Lui, Kry Yik Chau and Huang, Ruitong},
  journal={arXiv preprint arXiv:1812.02637},
  year={2018}
}

@article{simonyan2014very,
  title={Very deep convolutional networks for large-scale image recognition},
  author={Simonyan, Karen and Zisserman, Andrew},
  journal={arXiv preprint arXiv:1409.1556},
  year={2014}
}

@inproceedings{huang2017densely,
  title={Densely connected convolutional networks},
  author={Huang, Gao and Liu, Zhuang and Van Der Maaten, Laurens and Weinberger, Kilian Q},
  booktitle={Proceedings of the IEEE conference on computer vision and pattern recognition},
  pages={4700--4708},
  year={2017}
}


@article{tsipras2018robustness,
  title={Robustness may be at odds with accuracy},
  author={Tsipras, Dimitris and Santurkar, Shibani and Engstrom, Logan and Turner, Alexander and Madry, Aleksander},
  journal={arXiv preprint arXiv:1805.12152},
  year={2018}
}


@article{kurakin2016adversarial,
  title={Adversarial machine learning at scale},
  author={Kurakin, Alexey and Goodfellow, Ian and Bengio, Samy},
  journal={arXiv preprint arXiv:1611.01236},
  year={2016}
}



@inproceedings{carlini2017towards,
  title={Towards evaluating the robustness of neural networks},
  author={Carlini, Nicholas and Wagner, David},
  booktitle={2017 ieee symposium on security and privacy (sp)},
  pages={39--57},
  year={2017},
  organization={IEEE}
}


@inproceedings{rice2020overfitting,
  title={Overfitting in adversarially robust deep learning},
  author={Rice, Leslie and Wong, Eric and Kolter, Zico},
  booktitle={International Conference on Machine Learning},
  pages={8093--8104},
  year={2020},
  organization={PMLR}
}


@inproceedings{ilyas2019adversarial,
  title={Adversarial examples are not bugs, they are features},
  author={Ilyas, Andrew and Santurkar, Shibani and Tsipras, Dimitris and Engstrom, Logan and Tran, Brandon and Madry, Aleksander},
  booktitle={Advances in Neural Information Processing Systems},
  pages={125--136},
  year={2019}
}


@inproceedings{wang2019improving,
  title={Improving adversarial robustness requires revisiting misclassified examples},
  author={Wang, Yisen and Zou, Difan and Yi, Jinfeng and Bailey, James and Ma, Xingjun and Gu, Quanquan},
  booktitle={International Conference on Learning Representations},
  year={2019}
}

@article{bartlett2020benign,
  title={Benign overfitting in linear regression},
  author={Bartlett, Peter L and Long, Philip M and Lugosi, G{\'a}bor and Tsigler, Alexander},
  journal={Proceedings of the National Academy of Sciences},
  volume={117},
  number={48},
  pages={30063--30070},
  year={2020},
  publisher={National Acad Sciences}
}

@article{feldman2020neural,
  title={What neural networks memorize and why: Discovering the long tail via influence estimation},
  author={Feldman, Vitaly and Zhang, Chiyuan},
  journal={arXiv preprint arXiv:2008.03703},
  year={2020}
}


@article{krizhevsky2012imagenet,
  title={Imagenet classification with deep convolutional neural networks},
  author={Krizhevsky, Alex and Sutskever, Ilya and Hinton, Geoffrey E},
  journal={Advances in neural information processing systems},
  volume={25},
  pages={1097--1105},
  year={2012}
}

@article{schmidt2018adversarially,
  title={Adversarially robust generalization requires more data},
  author={Schmidt, Ludwig and Santurkar, Shibani and Tsipras, Dimitris and Talwar, Kunal and M{\k{a}}dry, Aleksander},
  journal={arXiv preprint arXiv:1804.11285},
  year={2018}
}

@article{zhang2016understanding,
  title={Understanding deep learning requires rethinking generalization},
  author={Zhang, Chiyuan and Bengio, Samy and Hardt, Moritz and Recht, Benjamin and Vinyals, Oriol},
  journal={arXiv preprint arXiv:1611.03530},
  year={2016}
}

@article{evgeniou2000regularization,
  title={Regularization networks and support vector machines},
  author={Evgeniou, Theodoros and Pontil, Massimiliano and Poggio, Tomaso},
  journal={Advances in computational mathematics},
  volume={13},
  number={1},
  pages={1--50},
  year={2000},
  publisher={Springer}
}

@article{bartlett2002rademacher,
  title={Rademacher and Gaussian complexities: Risk bounds and structural results},
  author={Bartlett, Peter L and Mendelson, Shahar},
  journal={Journal of Machine Learning Research},
  volume={3},
  number={Nov},
  pages={463--482},
  year={2002}
}

@article{zhang2020geometry,
  title={Geometry-aware Instance-reweighted Adversarial Training},
  author={Zhang, Jingfeng and Zhu, Jianing and Niu, Gang and Han, Bo and Sugiyama, Masashi and Kankanhalli, Mohan},
  journal={arXiv preprint arXiv:2010.01736},
  year={2020}
}

@article{biggio2012poisoning,
  title={Poisoning attacks against support vector machines},
  author={Biggio, Battista and Nelson, Blaine and Laskov, Pavel},
  journal={arXiv preprint arXiv:1206.6389},
  year={2012}
}


@inproceedings{li2020gradient,
  title={Gradient descent with early stopping is provably robust to label noise for overparameterized neural networks},
  author={Li, Mingchen and Soltanolkotabi, Mahdi and Oymak, Samet},
  booktitle={International Conference on Artificial Intelligence and Statistics},
  pages={4313--4324},
  year={2020},
  organization={PMLR}
}

@inproceedings{feldman2020does,
  title={Does learning require memorization? a short tale about a long tail},
  author={Feldman, Vitaly},
  booktitle={Proceedings of the 52nd Annual ACM SIGACT Symposium on Theory of Computing},
  pages={954--959},
  year={2020}
}

@inproceedings{schroff2015facenet,
  title={Facenet: A unified embedding for face recognition and clustering},
  author={Schroff, Florian and Kalenichenko, Dmitry and Philbin, James},
  booktitle={Proceedings of the IEEE conference on computer vision and pattern recognition},
  pages={815--823},
  year={2015}
}

@inproceedings{chen2020simple,
  title={A simple framework for contrastive learning of visual representations},
  author={Chen, Ting and Kornblith, Simon and Norouzi, Mohammad and Hinton, Geoffrey},
  booktitle={International conference on machine learning},
  pages={1597--1607},
  year={2020},
  organization={PMLR}
}

@article{chrabaszcz2017downsampled,
  title={A downsampled variant of imagenet as an alternative to the cifar datasets},
  author={Chrabaszcz, Patryk and Loshchilov, Ilya and Hutter, Frank},
  journal={arXiv preprint arXiv:1707.08819},
  year={2017}
}

@inproceedings{croce2020reliable,
  title={Reliable evaluation of adversarial robustness with an ensemble of diverse parameter-free attacks},
  author={Croce, Francesco and Hein, Matthias},
  booktitle={International Conference on Machine Learning},
  pages={2206--2216},
  year={2020},
  organization={PMLR}
}

@article{nakkiran2019deep,
  title={Deep double descent: Where bigger models and more data hurt},
  author={Nakkiran, Preetum and Kaplun, Gal and Bansal, Yamini and Yang, Tristan and Barak, Boaz and Sutskever, Ilya},
  journal={arXiv preprint arXiv:1912.02292},
  year={2019}
}

@article{le2015tiny,
  title={Tiny imagenet visual recognition challenge},
  author={Le, Ya and Yang, Xuan},
  journal={CS 231N},
  volume={7},
  pages={7},
  year={2015}
}

@incollection{bottou2010large,
  title={Large-scale machine learning with stochastic gradient descent},
  author={Bottou, L{\'e}on},
  booktitle={Proceedings of COMPSTAT'2010},
  pages={177--186},
  year={2010},
  publisher={Springer}
}

@article{carlini2019distribution,
  title={Distribution density, tails, and outliers in machine learning: Metrics and applications},
  author={Carlini, Nicholas and Erlingsson, Ulfar and Papernot, Nicolas},
  journal={arXiv preprint arXiv:1910.13427},
  year={2019}
}

@article{sanyal2020benign,
  title={How benign is benign overfitting?},
  author={Sanyal, Amartya and Dokania, Puneet K and Kanade, Varun and Torr, Philip HS},
  journal={arXiv preprint arXiv:2007.04028},
  year={2020}
}

@article{chatterji2020finite,
  title={Finite-sample analysis of interpolating linear classifiers in the overparameterized regime},
  author={Chatterji, Niladri S and Long, Philip M},
  journal={arXiv preprint arXiv:2004.12019},
  year={2020}
}

@article{muthukumar2020harmless,
  title={Harmless interpolation of noisy data in regression},
  author={Muthukumar, Vidya and Vodrahalli, Kailas and Subramanian, Vignesh and Sahai, Anant},
  journal={IEEE Journal on Selected Areas in Information Theory},
  volume={1},
  number={1},
  pages={67--83},
  year={2020},
  publisher={IEEE}
}

@article{fagnant2015preparing,
  title={Preparing a nation for autonomous vehicles: opportunities, barriers and policy recommendations},
  author={Fagnant, Daniel J and Kockelman, Kara},
  journal={Transportation Research Part A: Policy and Practice},
  volume={77},
  pages={167--181},
  year={2015},
  publisher={Elsevier}
}

@article{jiang2017artificial,
  title={Artificial intelligence in healthcare: past, present and future},
  author={Jiang, Fei and Jiang, Yong and Zhi, Hui and Dong, Yi and Li, Hao and Ma, Sufeng and Wang, Yilong and Dong, Qiang and Shen, Haipeng and Wang, Yongjun},
  journal={Stroke and vascular neurology},
  volume={2},
  number={4},
  year={2017},
  publisher={BMJ Specialist Journals}
}

@article{mohammed2011human,
  title={Human face recognition based on multidimensional PCA and extreme learning machine},
  author={Mohammed, Abdul Adeel and Minhas, Rashid and Wu, QM Jonathan and Sid-Ahmed, Maher A},
  journal={Pattern Recognition},
  volume={44},
  number={10-11},
  pages={2588--2597},
  year={2011},
  publisher={Elsevier}
}