% Encoding: UTF-8
@incollection{Bengio+chapter2007,
author = {Bengio, Yoshua and LeCun, Yann},
booktitle = {Large Scale Kernel Machines},
publisher = {MIT Press},
title = {Scaling Learning Algorithms Towards {AI}},
year = {2007}
}

@article{Hinton06,
author = {Hinton, Geoffrey E. and Osindero, Simon and Teh, Yee Whye},
journal = {Neural Computation},
pages = {1527--1554},
title = {A Fast Learning Algorithm for Deep Belief Nets},
volume = {18},
year = {2006}
}

@InProceedings{Tran2021,
author="Tran, Hoang-Dung
and Pal, Neelanjana
and Musau, Patrick
and Lopez, Diego Manzanas
and Hamilton, Nathaniel
and Yang, Xiaodong
and Bak, Stanley
and Johnson, Taylor T.",
title="Robustness Verification of Semantic Segmentation Neural Networks Using Relaxed Reachability",
booktitle="Computer Aided Verification",
year="2021",
}

@Article{McCallum2000,
  author    = {Andrew Kachites McCallum and Kamal Nigam and Jason Rennie and Kristie Seymore},
  title     = {Automating the Construction of Internet Portals with Machine Learning},
  journal   = {Information Retrieval},
  year      = {2000},
}

@InProceedings{Bojchevski2018,
  author    = {Aleksandar Bojchevski and Stephan G\"unnemann},
  title     = {Deep Gaussian Embedding of Graphs: Unsupervised Inductive Learning via Ranking},
  booktitle = {International Conference on Learning Representations},
  year      = {2018},
}

@manual{mosek,
   author = "{MOSEK ApS}",
   title = "MOSEK Optimizer API for Python 9.2.46",
   year = 2019,
   url = "https://docs.mosek.com/9.2/pythonapi/index.html"
 }

@article{cvxpy,
  author  = {Steven Diamond and Stephen Boyd},
  title   = {{CVXPY}: {A} {P}ython-embedded modeling language for convex optimization},
  journal = {Journal of Machine Learning Research},
  year    = {2016},
}

@inproceedings{Shi2021,
  author    = {Han Shi and
               Jiahui Gao and
               Xiaozhe Ren and
               Hang Xu and
               Xiaodan Liang and
               Zhenguo Li and
               James Tin{-}Yau Kwok},
  editor    = {Marina Meila and
               Tong Zhang},
  title     = {SparseBERT: Rethinking the Importance Analysis in Self-attention},
  booktitle = {Proceedings of the 38th International Conference on Machine Learning},
  year      = {2021},
}


@InProceedings{Chen2022,
  title = 	 {On Collective Robustness of Bagging Against Data Poisoning},
  author =       {Chen, Ruoxin and Li, Zenan and Li, Jie and Yan, Junchi and Wu, Chentao},
  booktitle = 	 {Proceedings of the 39th International Conference on Machine Learning},
  year = 	 {2022},
}


@InProceedings{Ronneberger2015,
author="Ronneberger, Olaf
and Fischer, Philipp
and Brox, Thomas",
title="U-Net: Convolutional Networks for Biomedical Image Segmentation",
booktitle="Medical Image Computing and Computer-Assisted Intervention -- MICCAI 2015",
year="2015",
}

 @InProceedings{Cordts2016,
author = {Cordts, Marius and Omran, Mohamed and Ramos, Sebastian and Rehfeld, Timo and Enzweiler, Markus and Benenson, Rodrigo and Franke, Uwe and Roth, Stefan and Schiele, Bernt},
title = {The Cityscapes Dataset for Semantic Urban Scene Understanding},
booktitle = {Proceedings of the IEEE Conference on Computer Vision and Pattern Recognition (CVPR)},
year = {2016}
} 

@INPROCEEDINGS{He2016,
  author={He, Kaiming and Zhang, Xiangyu and Ren, Shaoqing and Sun, Jian},
  booktitle={2016 IEEE Conference on Computer Vision and Pattern Recognition (CVPR)}, 
  title={Deep Residual Learning for Image Recognition}, 
  year={2016},
}

@misc{Yakubovskiy2019,
  Author = {Pavel Yakubovskiy},
  Title = {Segmentation Models Pytorch},
  Year = {2020},
  Publisher = {GitHub},
  Journal = {GitHub repository},
  Howpublished = {\url{https://github.com/qubvel/segmentation_models.pytorch}}
}

@inproceedings{Fischer2020,
 author = {Fischer, Marc and Baader, Maximilian and Vechev, Martin},
 booktitle = {Advances in Neural Information Processing Systems},
 title = {Certified Defense to Image Transformations via Randomized Smoothing},
 year = {2020}
}

@article{Gil2013,
  title={R{\'e}nyi divergence measures for commonly used univariate continuous distributions},
  author={Gil, Manuel and Alajaji, Fady and Linder, Tamas},
  journal={Information Sciences},
  volume={249},
  pages={124--131},
  year={2013},
}


@inproceedings{Levine2020,
 author = {Levine, Alexander and Feizi, Soheil},
 booktitle = {Advances in Neural Information Processing Systems},
 title = {(De)Randomized Smoothing for Certifiable Defense against Patch Attacks},
 year = {2020}
}


@InProceedings{Levine2021,
  title = 	 {Improved, Deterministic Smoothing for L\_1 Certified Robustness},
  author =       {Levine, Alexander J and Feizi, Soheil},
  booktitle = 	 {Proceedings of the 38th International Conference on Machine Learning},
  year = 	 {2021},
}

@article{Everingham2010,
author = {Everingham, Mark and Gool, Luc and Williams, Christopher K. and Winn, John and Zisserman, Andrew},
title = {The Pascal Visual Object Classes (VOC) Challenge},
year = {2010},
volume = {88},
journal = {Int. J. Comput. Vision},
month = jun,
pages = {303â€“338},
}

@article{Bradski2000,
    author = {Bradski, G.},
    citeulike-article-id = {2236121},
    journal = {Dr. Dobb's Journal of Software Tools},
    title = {{The OpenCV Library}},
    year = {2000}
}

@InProceedings{Velickovic2018,
  author  = {Veli{\v{c}}kovi{\'{c}}, Petar and Cucurull, Guillem and Casanova, Arantxa and Romero, Adriana and Li{\`{o}}, Pietro and Bengio, Yoshua},
  title   = {{Graph Attention Networks}},
  booktitle = {International Conference on Learning Representations},
  year    = {2018}
}

@Article{Sen2008,
  author    = {Prithviraj Sen and Galileo Namata and Mustafa Bilgic and Lise Getoor and Brian Galligher and Tina Eliassi-Rad},
  title     = {Collective Classification in Network Data},
  journal   = {{AI} Magazine},
  year      = {2008},
  volume    = {29},
  pages     = {93},
}

@misc{Chen2017,
      title={Rethinking Atrous Convolution for Semantic Image Segmentation}, 
      author={Liang-Chieh Chen and George Papandreou and Florian Schroff and Hartwig Adam},
      year={2017},
      archivePrefix={arXiv},
}

@Article{Buslaev2020,
    AUTHOR = {Buslaev, Alexander and Iglovikov, Vladimir I. and Khvedchenya, Eugene and Parinov, Alex and Druzhinin, Mikhail and Kalinin, Alexandr A.},
    TITLE = {Albumentations: Fast and Flexible Image Augmentations},
    JOURNAL = {Information},
    VOLUME = {11},
    YEAR = {2020},
}

@inproceedings{Zhang2020,
 author = {Zhang, Dinghuai and Ye, Mao and Gong, Chengyue and Zhu, Zhanxing and Liu, Qiang},
 booktitle = {Advances in Neural Information Processing Systems},
 title = {Black-Box Certification with Randomized Smoothing: A Functional Optimization Based Framework},
 year = {2020}
}

@inproceedings{Anderson1969,
 author = {Anderson, T.W.},
 booktitle = {Bulletin of The International and Statistical Institute},
 pages = {249--251},
 title = {Confidence limits for the value of an arbitrary bounded random variable with a continuous distribution function.},
 volume = {43},
 year = {1969}
}

@article{Dvoretzky1956,
author = {A. Dvoretzky and J. Kiefer and J. Wolfowitz},
title = {{Asymptotic Minimax Character of the Sample Distribution Function and of the Classical Multinomial Estimator}},
volume = {27},
journal = {The Annals of Mathematical Statistics},
pages = {642 -- 669},
year = {1956},
}


@article{Clopper1934,
 author = {C. J. Clopper and E. S. Pearson},
 journal = {Biometrika},
 pages = {404--413},
 title = {The Use of Confidence or Fiducial Limits Illustrated in the Case of the Binomial},
 volume = {26},
 year = {1934}
}



@InProceedings{Ko2019,
  title = 	 {{POPQORN}: Quantifying Robustness of Recurrent Neural Networks},
  author =       {Ko, Ching-Yun and Lyu, Zhaoyang and Weng, Lily and Daniel, Luca and Wong, Ngai and Lin, Dahua},
  booktitle = 	 {Proceedings of the 36th International Conference on Machine Learning},
  year = 	 {2019},
}

@InProceedings{Ryou2021,
author="Ryou, Wonryong
and Chen, Jiayu
and Balunovic, Mislav
and Singh, Gagandeep
and Dan, Andrei
and Vechev, Martin",
editor="Silva, Alexandra
and Leino, K. Rustan M.",
title="Scalable Polyhedral Verification of Recurrent Neural Networks",
booktitle="Computer Aided Verification",
year="2021",
}

@inproceedings{
Shi2020,
title={Robustness Verification for Transformers},
author={Zhouxing Shi and Huan Zhang and Kai-Wei Chang and Minlie Huang and Cho-Jui Hsieh},
booktitle={International Conference on Learning Representations},
year={2020},
}

@inproceedings{Bonaert2021,
author = {Bonaert, Gregory and Dimitrov, Dimitar I. and Baader, Maximilian and Vechev, Martin},
title = {Fast and Precise Certification of Transformers},
year = {2021},
booktitle = {Proceedings of the 42nd ACM SIGPLAN International Conference on Programming Language Design and Implementation},
}

@InProceedings{Zuegner2019,
  author    = {Daniel Z\"{u}gner and Stephan G\"{u}nnemann},
  title     = {Certifiable Robustness and Robust Training for Graph Convolutional Networks},
  booktitle = {Proceedings of the 25th {ACM} {SIGKDD} International Conference on Knowledge Discovery {\&} Data Mining},
  year      = {2019},
}

@InProceedings{Bojchevski2019,
  author    = {Bojchevski, Aleksandar and G\"{u}nnemann, Stephan},
  title     = {Certifiable Robustness to Graph Perturbations},
  booktitle = {Advances in Neural Information Processing Systems},
  volume = {32},
  year      = {2019},
}

@InProceedings{Zuegner2020,
  author    = {Z{\"u}gner, Daniel and G{\"u}nnemann, Stephan},
  title     = {Certifiable Robustness of Graph Convolutional Networks under Structure Perturbations},
  booktitle = {Proceedings of the 26th ACM SIGKDD International Conference on Knowledge Discovery \& Data Mining},
  year      = {2020},
}


@InProceedings{Lee2019,
  author      = {Guang-He Lee and Yang Yuan and Shiyu Chang and Tommi S. Jaakkola},
  title       = {Tight Certificates of Adversarial Robustness for Randomly Smoothed Classifiers},
  booktitle = {Advances in Neural Information Processing Systems},
  year      = {2019},
}

@Book{Goodfellow2016,
  title     = {Deep learning},
  publisher = {MIT Press},
  year      = {2016},
  author    = {Goodfellow, Ian and Bengio, Yoshua and Courville, Aaron and Bengio, Yoshua},
}

@InProceedings{Szegedy2014,
  author    = {Christian Szegedy and Wojciech Zaremba and Ilya Sutskever and Joan Bruna and Dumitru Erhan and Ian Goodfellow and Rob Fergus},
  title     = {Intriguing properties of neural networks},
  booktitle = {International Conference on Learning Representations},
  year      = {2014},
}

@Article{Silva2020,
  author      = {Samuel Henrique Silva and Peyman Najafirad},
  title       = {Opportunities and Challenges in Deep Learning Adversarial Robustness: A Survey},
  year        = 2020,
  eprint      = {http://arxiv.org/abs/2007.00753v2},
  journal={ArXiv},
}

@InCollection{Katz2017,
  author    = {Guy Katz and Clark Barrett and David L. Dill and Kyle Julian and Mykel J. Kochenderfer},
  title     = {Reluplex: An Efficient {SMT} Solver for Verifying Deep Neural Networks},
  booktitle = {Computer Aided Verification},
  year      = {2017},
}

@InProceedings{Gehr2018,
  author    = {Gehr, Timon and Mirman, Matthew and Drachsler-Cohen, Dana and Tsankov, Petar and Chaudhuri, Swarat and Vechev, Martin},
  title     = {Ai 2: Safety and robustness certification of neural networks with abstract interpretation},
  booktitle = {Security and Privacy (SP), 2018 IEEE Symposium on},
  year      = {2018},
}

@InProceedings{Raghunathan2018,
  author    = {Aditi Raghunathan and Jacob Steinhardt and Percy Liang},
  title     = {Certified Defenses against Adversarial Examples},
  booktitle = {International Conference on Learning Representations},
  year      = {2018},
}

@InProceedings{Wong2018,
  author    = {Wong, Eric and Kolter, Zico},
  title     = {Provable Defenses against Adversarial Examples via the Convex Outer Adversarial Polytope},
  booktitle = {Proceedings of the 35th International Conference on Machine Learning},
  year      = {2018},
}

@InProceedings{Xie2017,
  author       = {Xie, Cihang and Wang, Jianyu and Zhang, Zhishuai and Zhou, Yuyin and Xie, Lingxi and Yuille, Alan},
  title        = {Adversarial Examples for Semantic Segmentation and Object Detection},
  booktitle    = {International Conference on Computer Vision},
  year         = {2017},
}

@INPROCEEDINGS{Hariharan2011,
  author={Hariharan, Bharath and ArbelÃ¡ez, Pablo and Bourdev, Lubomir and Maji, Subhransu and Malik, Jitendra},
  booktitle={2011 International Conference on Computer Vision}, 
  title={Semantic contours from inverse detectors}, 
  year={2011},
}


@InProceedings{Zuegner2018,
  author    = {Daniel Z\"ugner and Stephan G\"unnemann},
  title     = {Adversarial Attacks on Graph Neural Networks via Meta Learning},
  booktitle = {International Conference on Learning Representations},
  year      = {2019},
}

@InProceedings{Belinkov2018,
  author    = {Yonatan Belinkov and Yonatan Bisk},
  title     = {Synthetic and Natural Noise Both Break Neural Machine Translation},
  booktitle = {International Conference on Learning Representations},
  year      = {2018},
}

@InProceedings{Schuchardt2021,
  author    = {Jan Schuchardt and Aleksandar Bojchevski and Johannes Klicpera and Stephan G{\"u}nnemann},
  title     = {Collective Robustness Certificates: Exploiting Interdependence in Graph Neural Networks},
  booktitle = {International Conference on Learning Representations},
  year      = {2021},
}

@InProceedings{Luo2016,
  author    = {Luo, Wenjie and Li, Yujia and Urtasun, Raquel and Zemel, Richard},
  title     = {Understanding the Effective Receptive Field in Deep Convolutional Neural Networks},
  booktitle = {Proceedings of the 30th International Conference on Neural Information Processing Systems},
  year      = {2016},
}

@Article{Liu2018,
  author    = {Yongge Liu and Jianzhuang Yu and Yahong Han},
  title     = {Understanding the effective receptive field in semantic image segmentation},
  journal   = {Multimedia Tools and Applications},
  year      = {2018},
  volume    = {77},
  number    = {17},
  pages     = {22159--22171},
}

@InProceedings{Kipf2017,
  author    = {Thomas N. Kipf and Max Welling},
  title     = {Semi-Supervised Classification with Graph Convolutional Networks},
  booktitle = {5th International Conference on Learning Representations},
  year      = {2017},
}

@InProceedings{Vaswani2017,
  author    = {Vaswani, Ashish and Shazeer, Noam and Parmar, Niki and Uszkoreit, Jakob and Jones, Llion and Gomez, Aidan N. and Kaiser, \L{}ukasz and Polosukhin, Illia},
  title     = {Attention is All You Need},
  booktitle = {Proceedings of the 31st International Conference on Neural Information Processing Systems},
  year      = {2017},
}

@InProceedings{Lecuyer2019,
  author    = {Mathias L{\'{e}}cuyer and Vaggelis Atlidakis and Roxana Geambasu and Daniel Hsu and Suman Jana},
  title     = {Certified Robustness to Adversarial Examples with Differential Privacy},
  booktitle = {2019 {IEEE} Symposium on Security and Privacy},
  year      = {2019},
  pages     = {656--672},
}

@InCollection{Liu2018b,
  author    = {Xuanqing Liu and Minhao Cheng and Huan Zhang and Cho-Jui Hsieh},
  title     = {Towards Robust Neural Networks via Random Self-ensemble},
  booktitle = {Computer Vision {\textendash} {ECCV} 2018},
  year      = {2018}
}

@InProceedings{Cohen2019,
  author    = {Cohen, Jeremy and Rosenfeld, Elan and Kolter, Zico},
  title     = {Certified Adversarial Robustness via Randomized Smoothing},
  booktitle = {Proceedings of the 36th International Conference on Machine Learning},
  year      = {2019},
}


@article{
Eiras2021,
title={{ANCER}: Anisotropic Certification via Sample-wise Volume Maximization},
author={Francisco Eiras and Motasem Alfarra and Philip Torr and M. Pawan Kumar and Puneet K. Dokania and Bernard Ghanem and Adel Bibi},
journal={Transactions on Machine Learning Research},
year={2022},
}

@InProceedings{Fischer2021,
  author       = {Fischer, Marc and Baader, Maximilian and Vechev, Martin},
  title        = {Scalable Certified Segmentation via Randomized Smoothing},
  booktitle    = {International Conference on Machine Learning},
  year         = {2021},
}


@InProceedings{Kumar2021,
  author    = {Aounon Kumar and Tom Goldstein},
  title     = {Center Smoothing: Provable Robustness for Functions with Metric-Space Outputs},
  booktitle = {Advances in Neural Information Processing Systems},
  year      = {2021},
}

@article{Chen2021TransUNetTM,
  title={TransUNet: Transformers Make Strong Encoders for Medical Image Segmentation},
  author={Jieneng Chen and Yongyi Lu and Qihang Yu and Xiangde Luo and Ehsan Adeli and Yan Wang and Le Lu and Alan Loddon Yuille and Yuyin Zhou},
  journal={ArXiv},
  year={2021},
}

@inproceedings{Bojchevski2020,
  title={Efficient robustness certificates for discrete data: Sparsity-aware randomized smoothing for graphs, images and more},
  author={Bojchevski, Aleksandar and Klicpera, Johannes and G{\"u}nnemann, Stephan},
  booktitle={International Conference on Machine Learning},
  year={2020},
}

@InProceedings{Kumar2020,
  author    = {Kumar, Aounon and Levine, Alexander and Feizi, Soheil and Goldstein, Tom},
  title     = {Certifying Confidence via Randomized Smoothing},
  booktitle = {Advances in Neural Information Processing Systems},
  year      = {2020},
}

@misc{Wang2021,
title={Pretrain-to-Finetune Adversarial Training via Sample-wise Randomized Smoothing},
author={Lei Wang and Runtian Zhai and Di He and Liwei Wang and Li Jian},
year={2021},
url={https://openreview.net/forum?id=Te1aZ2myPIu}
}

@article{Bonferroni1936,
  title={Teoria statistica delle classi e calcolo delle probabilita},
  author={Bonferroni, Carlo},
  journal={Pubblicazioni del R Istituto Superiore di Scienze Economiche e Commericiali di Firenze},
  volume={8},
  pages={3--62},
  year={1936}
}

@article{Holm1979,
 author = {Sture Holm},
 journal = {Scandinavian Journal of Statistics},
 number = {2},
 pages = {65--70},
 title = {A Simple Sequentially Rejective Multiple Test Procedure},
 volume = {6},
 year = {1979}
}

@article{MetisClustering,
author = {Karypis, George and Kumar, Vipin},
title = {A Fast and High Quality Multilevel Scheme for Partitioning Irregular Graphs},
journal = {SIAM Journal on Scientific Computing},
volume = {20},
number = {1},
pages = {359-392},
year = {1998},
}

@InProceedings{klicpera2019predict,
  author={Johannes Klicpera and Aleksandar Bojchevski and Stephan GÃ¼nnemann},
  title     = {Predict then Propagate: Graph Neural Networks meet Personalized PageRank},
  booktitle = {International Conference on Learning Representations},
  year      = {2019},
}

@inproceedings{Li2019,
 author = {Li, Bai and Chen, Changyou and Wang, Wenlin and Carin, Lawrence},
 booktitle = {Advances in Neural Information Processing Systems},
 title = {Certified Adversarial Robustness with Additive Noise},
 year = {2019}
}

@inproceedings{
Yatsura2022,
title={Certified Defences Against Adversarial Patch Attacks on Semantic Segmentation},
author={Maksym Yatsura and Kaspar Sakmann and N. Grace Hua and Matthias Hein and Jan Hendrik Metzen},
booktitle={Workshop on Trustworthy and Socially Responsible Machine Learning, NeurIPS 2022},
year={2022},
}


@Comment{jabref-meta: databaseType:bibtex;}
