%%%%%%% Introduction
% 1/3-relations
@inproceedings{1/3-relations,
  title={On the representation and embedding of knowledge bases beyond binary relations},
  author={Wen, Jianfeng and Li, Jianxin and Mao, Yongyi and Chen, Shini and Zhang, Richong},
  booktitle={Proceedings of the Twenty-Fifth International Joint Conference on Artificial Intelligence},
  pages={1300--1307},
  year={2016}
}

% 61% relations —— HypE-HSimplE








% Freebase
@inproceedings{Freebase,
  title={Freebase: a collaboratively created graph database for structuring human knowledge},
  author={Bollacker, Kurt and Evans, Colin and Paritosh, Praveen and Sturge, Tim and Taylor, Jamie},
  booktitle={Proceedings of the 2008 ACM SIGMOD international conference on Management of data},
  pages={1247--1250},
  year={2008},
  series = {SIGMOD'08}
}

% DBpedia
@article{DBpedia,
  title = {Dbpedia--a large-scale, multilingual knowledge base extracted from wikipedia},
  author = {Lehmann, Jens and Isele, Robert and Jakob, Max and Jentzsch, Anja and Kontokostas, Dimitris and Mendes, Pablo N and Hellmann, Sebastian and Morsey, Mohamed and Van Kleef, Patrick and Auer, S{\"o}ren and others},
  journal = {Semantic web},
  volume = {6},
  number = {2},
  pages = {167--195},
  year = {2015},
  publisher = {IOS Press}
}

% Wikidata
@article{vrandevcic2014wikidata,
  title={Wikidata: a free collaborative knowledgebase},
  author={Vrande{\v{c}}i{\'c}, Denny and Kr{\"o}tzsch, Markus},
  journal={Communications of the ACM},
  volume={57},
  number={10},
  pages={78--85},
  year={2014},
  publisher={ACM New York, NY, USA}
}

% YAGO
@inproceedings{YAGO,
  title={Yago: a core of semantic knowledge},
  author={Suchanek, Fabian M and Kasneci, Gjergji and Weikum, Gerhard},
  booktitle={Proceedings of the 16th international conference on World Wide Web},
  pages={697--706},
  year={2007},
  series = {WWW'07}
}

% NELL
@inproceedings{NELL,
  title={Toward an architecture for never-ending language learning},
  author={Carlson, Andrew and Betteridge, Justin and Kisiel, Bryan and Settles, Burr and Hruschka, Estevam R and Mitchell, Tom M},
  booktitle={Twenty-Fourth AAAI conference on artificial intelligence},
  year={2010},
  series = {AAAI'10}
}




%%%%%%% 知识图谱表示学习
%% 平移距离模型 Translational Distance Models
% TransE 
@inproceedings{TransE,
  title={Translating embeddings for modeling multi-relational data},
  author={Bordes, Antoine and Usunier, Nicolas and Garcia-Dur{\'a}n, Alberto and Weston, Jason and Yakhnenko, Oksana},
  booktitle={Proceedings of the 26th International Conference on Neural Information Processing Systems},
  pages={2787--2795},
  year={2013},
  series = {NeurIPS'13}
}

% TransH
@inproceedings{TransH,
  title={Knowledge Graph Embedding by Translating on Hyperplanes},
  author={Wang, Zhen and Zhang, Jianwen and Feng, Jianlin and Chen, Zheng},
  booktitle={Proceedings of the Twenty-Eighth AAAI Conference on Artificial Intelligence},
  pages={1112--1119},
  year={2014},
  series = {AAAI'14}
}

% TransR
@inproceedings{TransR,
  title={Learning entity and relation embeddings for knowledge graph completion},
  author={Lin, Yankai and Liu, Zhiyuan and Sun, Maosong and Liu, Yang and Zhu, Xuan},
  booktitle={Proceedings of the Twenty-Ninth AAAI Conference on Artificial Intelligence},
  pages={2181--2187},
  year={2015},
  series = {AAAI'15}
}

% TransD
@inproceedings{TransD,
  title={Knowledge graph embedding via dynamic mapping matrix},
  author={Ji, Guoliang and He, Shizhu and Xu, Liheng and Liu, Kang and Zhao, Jun},
  booktitle={Proceedings of the 53rd annual meeting of the association for computational linguistics and the 7th international joint conference on natural language processing},
  pages={687--696},
  year={2015},
  series = {ACL'15}
}


%% 语义匹配模型 Semantic Matching Models
% RESCAL
@inproceedings{RESCAL,
  title={A three-way model for collective learning on multi-relational data},
  author={Nickel, Maximilian and Tresp, Volker and Kriegel, Hans-Peter},
  booktitle={Proceedings of the 28th International Conference on International Conference on Machine Learning},
  pages={809--816},
  year={2011},
  series = {ICML'11}
}

% DistMult
@inproceedings{DistMult,
  title = {Embedding Entities and Relations for Learning and Inference in Knowledge Bases},
  author = {Yang, Bishan and Yih, Scott Wen-tau and He, Xiaodong and Gao, Jianfeng and Deng, Li},
  booktitle = {Proceedings of the third International Conference on Learning Representations},
  year = {2015},
  pages = {809--816},
  series = {ICLR'15}
}

% HolE
@inproceedings{HolE,
  title = {Holographic Embeddings of Knowledge Graphs},
  author={Nickel, Maximilian and Rosasco, Lorenzo and Poggio, Tomaso},
  booktitle={Proceedings of the Thirtieth AAAI Conference on Artificial Intelligence},
  pages = {1955--1961},
  year={2016},
  series = {AAAI'16}
}

% ComplEx
@inproceedings{ComplEx,
  title={Complex embeddings for simple link prediction},
  author={Trouillon, Th{\'e}o and Welbl, Johannes and Riedel, Sebastian and Gaussier, {\'E}ric and Bouchard, Guillaume},
  booktitle={Proceedings of the 33rd International Conference on International Conference on Machine Learning},
  pages={2071--2080},
  year={2016},
  series = {ICML'16}
}

% SimplE
@inproceedings{SimplE,
  title={SimplE embedding for link prediction in knowledge graphs},
  author={Kazemi, Seyed Mehran and Poole, David},
  booktitle={Proceedings of the 32nd International Conference on Neural Information Processing Systems},
  pages={4289--4300},
  year={2018},
  series = {NeurIPS'18}
}

% RotatE
@inproceedings{RotatE,
  title={RotatE: Knowledge Graph Embedding by Relational Rotation in Complex Space},
  author={Zhiqing Sun and Zhi-Hong Deng and Jian-Yun Nie and Jian Tang},
  booktitle={Proceedings of the Seventh International Conference on Learning Representations},
  pages={328--337},
  year={2019},
  series = {ICLR'19}
}

% QuatE
@inproceedings{QuatE,
  title={Quaternion knowledge graph embeddings},
  author={Zhang, Shuai and Tay, Yi and Yao, Lina and Liu, Qi},
  booktitle={Proceedings of the 33rd International Conference on Neural Information Processing Systems},
  pages={2735--2745},
  year={2019},
  series = {NeurIPS'19}
}

%% 神经网络模型 Neural Network Models
% ConvE
@inproceedings{ConvE,
    title = {Convolutional 2D Knowledge Graph Embeddings},
    author = {Dettmers, Tim and Minervini, Pasquale and Stenetorp, Pontus and Riedel, Sebastian},
    booktitle = {Proceedings of the Thirty-Second AAAI Conference on Artificial Intelligence},
    pages = {1811--1818},
    year = {2018},
    series = {AAAI'18}
}

% SACN
@inproceedings{SACN,
  title={End-to-end structure-aware convolutional networks for knowledge base completion},
  author={Shang, Chao and Tang, Yun and Huang, Jing and Bi, Jinbo and He, Xiaodong and Zhou, Bowen},
  booktitle={Proceedings of the Thirty-Third AAAI Conference on Artificial Intelligence},
  volume={33},
  number={01},
  pages={3060--3067},
  year={2019},
    series = {AAAI'19}
}

% ConvKB
@inproceedings{ConvKB,
    title = {A Novel Embedding Model for Knowledge Base Completion Based on Convolutional Neural Network},
    author = {Nguyen, Dai Quoc and Nguyen, Tu Dinh and Nguyen, Dat Quoc and Phung, Dinh},
    booktitle = {Proceedings of the 2018 Conference of the North American Chapter of the Association for Computational Linguistics: Human Language Technologies},
    pages = {327--333},
    year = {2018},
    series = {NAACL'18}
}

% RGCN
@inproceedings{RGCN,
  title={Modeling relational data with graph convolutional networks},
  author={Schlichtkrull, Michael and Kipf, Thomas N and Bloem, Peter and Berg, Rianne van den and Titov, Ivan and Welling, Max},
  booktitle={European semantic web conference},
  pages={593--607},
  year={2018},
  series = {ESWC'18}
}

% ATTH
@inproceedings{ATTH,
    title = {Low-Dimensional Hyperbolic Knowledge Graph Embeddings},
    author = {Chami, Ines and Wolf, Adva and Juan, Da-Cheng and Sala, Frederic and Ravi, Sujith and R{\'e}, Christopher},
    booktitle = {Proceedings of the 58th Annual Meeting of the Association for Computational Linguistics},
    pages = {6901--6914},
    year = {2020},
    series = {ACL'20}
}

% ConvR
@inproceedings{ConvR,
  title={Adaptive convolution for multi-relational learning},
  author={Jiang, Xiaotian and Wang, Quan and Wang, Bin},
  booktitle={Proceedings of the 2019 Conference of the North American Chapter of the Association for Computational Linguistics: Human Language Technologies, Volume 1 (Long and Short Papers)},
  pages={978--987},
  year={2019},
  series = {NAACL'20}
}

% InteractE
@inproceedings{InteractE,
  title={Interacte: Improving convolution-based knowledge graph embeddings by increasing feature interactions},
  author={Vashishth, Shikhar and Sanyal, Soumya and Nitin, Vikram and Agrawal, Nilesh and Talukdar, Partha},
  booktitle={Proceedings of the 34th AAAI Conference on Artificial Intelligence},
  pages={3009--3016},
  year={2020},
  series = {AAAI'20}
}


%% 本体信息模型 Ontology Information Models
% TransC
@inproceedings{TransC,
  title={Differentiating Concepts and Instances for Knowledge Graph Embedding},
  author={Lv, Xin and Hou, Lei and Li, Juanzi and Liu, Zhiyuan},
  booktitle={Proceedings of the 2018 Conference on Empirical Methods in Natural Language Processing},
  pages={1971--1979},
  year={2018},
  series = {EMNLP'18}
}



%% 我们的工作
% TransRHS
@inproceedings{TransRHS,
  title = {TransRHS: A Representation Learning Method for Knowledge Graphs with Relation Hierarchical Structure},
  author = {Zhang, Fuxiang and Wang, Xin and Li, Zhao and Li, Jianxin},
  booktitle = {Proceedings of the Twenty-Ninth International Joint Conference on Artificial Intelligence},
  pages = {2987--2993},
  year = {2020},
  series = {IJCAI'20}
}

% TransO
@article{TransO,
  title={Transo: a knowledge-driven representation learning method with ontology information constraints},
  author={Li, Zhao and Liu, Xin and Wang, Xin and Liu, Pengkai and Shen, Yuxin},
  journal={World Wide Web},
  volume={26},
  number={1},
  pages={297--319},
  year={2023},
  publisher={Springer}
}

% DT-GCN
@inproceedings{DT-GCN,
  title={Datatype-aware knowledge graph representation learning in hyperbolic space},
  author={Shen, Yuxin and Li, Zhao and Wang, Xin and Li, Jianxin and Zhang, Xiaowang},
  booktitle={Proceedings of the 30th ACM International Conference on Information \& Knowledge Management},
  pages={1630--1639},
  year={2021},
  series = {CIKM'21}
}





%%%%%%% 知识超图表示学习
%% 平移距离模型 Translational Distance Models
% m-TransH
@inproceedings{m-TransH,
  title={On the representation and embedding of knowledge bases beyond binary relations},
  author={Wen, Jianfeng and Li, Jianxin and Mao, Yongyi and Chen, Shini and Zhang, Richong},
  booktitle={Proceedings of the Twenty-Fifth International Joint Conference on Artificial Intelligence},
  pages={1300--1307},
  year={2016},
  series = {IJCAI'16}
}

% RAE
@inproceedings{RAE,
  title={Scalable instance reconstruction in knowledge bases via relatedness affiliated embedding},
  author={Zhang, Richong and Li, Junpeng and Mei, Jiajie and Mao, Yongyi},
  booktitle={Proceedings of the 2018 World Wide Web Conference},
  pages={1185--1194},
  year={2018},
  series = {WWW'18}
}

% BoxE
@inproceedings{BoxE,
  title={BoxE: a box embedding model for knowledge base completion},
  author={Abboud, Ralph and Ceylan, {\.I}smail {\.I}lkan and Lukasiewicz, Thomas and Salvatori, Tommaso},
  booktitle={Proceedings of the 34th International Conference on Neural Information Processing Systems},
  pages={9649--9661},
  year={2020},
  series = {NeurIPS'20}
}


%% 张量分解模型 Tensor Decomposition Models
% GETD
@inproceedings{GETD,
  title={Generalizing tensor decomposition for n-ary relational knowledge bases},
  author={Liu, Yu and Yao, Quanming and Li, Yong},
  booktitle={Proceedings of The Web Conference 2020},
  pages={1104--1114},
  year={2020},
  series = {WWW'20}
}

% TuckER
@inproceedings{TuckER,
  title={TuckER: Tensor Factorization for Knowledge Graph Completion},
  author={Bala{\v{z}}evi{\'c}, Ivana and Allen, Carl and Hospedales, Timothy},
  booktitle={Proceedings of the 2019 Conference on Empirical Methods in Natural Language Processing and the 9th International Joint Conference on Natural Language Processing (EMNLP-IJCNLP)},
  pages={5185--5194},
  year={2019},
  series = {EMNLP'19}
}

% HypE-HSimplE % 疫情推迟在2021年召开
@inproceedings{HypE-HSimplE,
  title={Knowledge hypergraphs: prediction beyond binary relations},
  author={Fatemi, Bahare and Taslakian, Perouz and Vazquez, David and Poole, David},
  booktitle={Proceedings of the Twenty-Ninth International Conference on International Joint Conferences on Artificial Intelligence},
  pages={2191--2197},
  year={2021},
  series = {IJCAI'20}
}

% S2S
@inproceedings{S2S,
  title={Searching to sparsify tensor decomposition for n-ary relational data},
  author={Di, Shimin and Yao, Quanming and Chen, Lei},
  booktitle={Proceedings of The Web Conference 2021},
  pages={4043--4054},
  year={2021},
  series = {WWW'21}
}

% RAM
@inproceedings{RAM,
  title={Role-aware modeling for n-Ary relational knowledge bases},
  author={Liu, Yu and Yao, Quanming and Li, Yong},
  booktitle={Proceedings of The Web Conference 2021},
  pages={2660--2671},
  year={2021},
  series = {WWW'21}
}


%% 神经网络模型 Neural Network Models
% NaLP
@inproceedings{NaLP,
  title={Link prediction on n-ary relational data},
  author={Guan, Saiping and Jin, Xiaolong and Wang, Yuanzhuo and Cheng, Xueqi},
  booktitle={Proceedings of the 2019 World Wide Web Conference},
  pages={583--593},
  year={2019},
  series = {WWW'19}
}

% tNaLP+
@article{tNaLP+,
  title={Link prediction on n-ary relational data based on relatedness evaluation},
  author={Guan, Saiping and Jin, Xiaolong and Guo, Jiafeng and Wang, Yuanzhuo and Cheng, Xueqi},
  journal={IEEE Transactions on Knowledge and Data Engineering},
  volume={35},
  number={1},
  pages={672--685},
  year={2021},
  publisher={IEEE}
}

% HINGE
@inproceedings{HINGE,
  title={Beyond triplets: hyper-relational knowledge graph embedding for link prediction},
  author={Rosso, Paolo and Yang, Dingqi and Cudr{\'e}-Mauroux, Philippe},
  booktitle={Proceedings of The Web Conference 2020},
  pages={1885--1896},
  year={2020},
  series = {WWW'20}
}

% NeuInfer
@inproceedings{NeuInfer,
  title={NeuInfer: Knowledge inference on n-ary facts},
  author={Guan, Saiping and Jin, Xiaolong and Guo, Jiafeng and Wang, Yuanzhuo and Cheng, Xueqi},
  booktitle={Proceedings of the 58th Annual Meeting of the Association for Computational Linguistics},
  pages={6141--6151},
  year={2020},
  series = {ACL'20}
}

% StarE
@inproceedings{StarE,
  title={Message Passing for Hyper-Relational Knowledge Graphs},
  author={Galkin, Mikhail and Trivedi, Priyansh and Maheshwari, Gaurav and Usbeck, Ricardo and Lehmann, Jens},
  booktitle={Proceedings of the 2020 Conference on Empirical Methods in Natural Language Processing},
  pages={7346--7359},
  year={2020},
  series = {EMNLP'20}
}

% VR-GCN
@inproceedings{VRGCN,
  title={A Vectorized Relational Graph Convolutional Network for Multi-Relational Network Alignment},
  author={Ye, Rui and Li, Xin and Fang, Yujie and Zang, Hongyu and Wang, Mingzhong},
  booktitle={Proceedings of the 28th International Joint Conference on Artificial Intelligence},
  pages={4135--4141},
  year={2019},
  series = {IJCAI'19}
}

%R-GCN
@inproceedings{R-GCN,
  title={Modeling relational data with graph convolutional networks},
  author={Schlichtkrull, Michael and Kipf, Thomas N and Bloem, Peter and Van Den Berg, Rianne and Titov, Ivan and Welling, Max},
  booktitle={The Semantic Web: 15th International Conference, ESWC 2018, Heraklion, Crete, Greece, June 3--7, 2018, Proceedings 15},
  pages={593--607},
  year={2018},
  series = {ESWC'18}
}

%KBGAN
@inproceedings{KBGAN,
  title={KBGAN: Adversarial Learning for Knowledge Graph Embeddings},
  author={Cai, Liwei and Wang, William Yang},
  booktitle={Proceedings of the 2018 Conference of the North American Chapter of the Association for Computational Linguistics: Human Language Technologies, Volume 1 (Long Papers)},
  pages={1470--1480},
  year={2018},
  series = {NAACL'18}
}

%KBLRN
@article{KBLRN,
  title={KBLRN: End-to-End Learning of Knowledge Base Representations with Latent, Relational, and Numerical Features},
  author={Garcia-Duran, Alberto and Niepert, Mathias},
  journal={arXiv e-prints},
  pages={arXiv--1709},
  year={2017},
  series = {UAI'18}
}





%AcrE
@inproceedings{AcrE,
  title={Knowledge Graph Embedding with Atrous Convolution and Residual Learning},
  author={Ren, Feiliang and Li, Juchen and Zhang, Huihui and Liu, Shilei and Li, Bochao and Ming, Ruicheng and Bai, Yujia},
  booktitle={Proceedings of the 28th International Conference on Computational Linguistics},
  pages={1532--1543},
  year={2020},
  series = {COLING'20}
}

%FB15K237
@inproceedings{FB15K237,
  title={Observed versus latent features for knowledge base and text inference},
  author={Toutanova, Kristina and Chen, Danqi},
  booktitle={Proceedings of the 3rd Workshop on Continuous Vector Space Models and their Compositionality},
  year={2015},
  series = {ACL'15}
}

%WN18RR
@inproceedings{WN18RR,
  title={Convolutional 2d knowledge graph embeddings},
  author={Dettmers, Tim and Minervini, Pasquale and Stenetorp, Pontus and Riedel, Sebastian},
  booktitle={Proceedings of the AAAI conference on artificial intelligence},
  year={2018},
  series = {AAAI'18}
}

%DB100K
@inproceedings{DB100K,
  title={Improving Knowledge Graph Embedding Using Simple Constraints},
  author={Ding, Boyang and Wang, Quan and Wang, Bin and Guo, Li},
  booktitle={Proceedings of the 56th Annual Meeting of the Association for Computational Linguistics (Volume 1: Long Papers)},
  pages={110--121},
  year={2018},
  series = {ACL'18}
}

%NeuralLP
@article{NeuralLP,
  title={Differentiable learning of logical rules for knowledge base reasoning},
  author={Yang, Fan and Yang, Zhilin and Cohen, William W},
  journal={Advances in neural information processing systems},
  volume={30},
  year={2017},
  series = {NIPS'17}
}

%Analogy
@inproceedings{Analogy,
  title={Analogical inference for multi-relational embeddings},
  author={Liu, Hanxiao and Wu, Yuexin and Yang, Yiming},
  booktitle={International conference on machine learning},
  pages={2168--2178},
  year={2017},
  series = {PMLR'17}
}

%RUGE
@article{RUGE,
  title={Knowledge Graph Embedding with Iterative Guidance from Soft Rules},
  author={Guo, Shu and Wang, Quan and Wang, Lihong and Wang, Bin and Guo, Li},
  journal={arXiv e-prints},
  pages={arXiv--1711},
  year={2017},
  series = {AAAI'18}
}

%NNE-AER
@inproceedings{NNE-AER,
  title={Improving Knowledge Graph Embedding Using Simple Constraints},
  author={Ding, Boyang and Wang, Quan and Wang, Bin and Guo, Li},
  booktitle={Proceedings of the 56th Annual Meeting of the Association for Computational Linguistics (Volume 1: Long Papers)},
  pages={110--121},
  year={2018},
  series = {ACL'18}
}

%SEEK
@inproceedings{SEEK,
  title={SEEK: Segmented Embedding of Knowledge Graphs},
  author={Xu, Wentao and Zheng, Shun and He, Liang and Shao, Bin and Yin, Jian and Liu, Tie-Yan},
  booktitle={Proceedings of the 58th Annual Meeting of the Association for Computational Linguistics},
  pages={3888--3897},
  year={2020},
  series = {ACL'20}
}



%% 我们的工作
% HyConvE——WWW 2023
@inproceedings{HyConvE,
  title={HyConvE: A Novel Embedding Model for Knowledge Hypergraph Link Prediction with Convolutional Neural Networks},
  author={Wang, Chenxu and Wang, Xin and Li, Zhao and Chen, Zirui and Li, Jianxin},
  booktitle={Proceedings of the ACM Web Conference 2023},
  pages={188--198},
  year={2023},
  series = {WWW'23}
}

% EnhancE——WWW 2023
@inproceedings{EnhancE,
  title={EnhancE: Enhanced Entity and Relation Embedding for Knowledge Hypergraph Link Prediction},
  author={Wang, Chenxu and Li, Zhao and Wang, Xin and Chen, Zirui},
  booktitle={Companion Proceedings of the ACM Web Conference 2023},
  pages={115--118},
  year={2023},
  series = {WWW'23 Companion}
}


@inproceedings{HyperMLN,
  title={Explainable Link Prediction in Knowledge Hypergraphs},
  author={Chen, Zirui and Wang, Xin and Wang, Chenxu and Li, Jianxin},
  booktitle={Proceedings of the 31st ACM International Conference on Information \& Knowledge Management},
  pages={262--271},
  year={2022},
  series={CIKM'22}
}



%%%%%%% 其他经典模型
% Transformer
@inproceedings{Transformer,
  title={Attention is all you need},
  author={Vaswani, Ashish and Shazeer, Noam and Parmar, Niki and Uszkoreit, Jakob and Jones, Llion and Gomez, Aidan N and Kaiser, {\L}ukasz and Polosukhin, Illia},
  booktitle={Proceedings of the 31st International Conference on Neural Information Processing Systems},
  pages={6000--6010},
  year={2017},
  series = {NeurIPS'17}
}


