@String(PAMI = {IEEE Trans. Pattern Anal. Mach. Intell.})
@String(IJCV = {Int. J. Comput. Vis.})
@String(CVPR= {IEEE Conf. Comput. Vis. Pattern Recog.})
@String(ICCV= {Int. Conf. Comput. Vis.})
@String(ECCV= {Eur. Conf. Comput. Vis.})
@String(NIPS= {Adv. Neural Inform. Process. Syst.})
@String(ICPR = {Int. Conf. Pattern Recog.})
@String(BMVC= {Brit. Mach. Vis. Conf.})
@String(TOG= {ACM Trans. Graph.})
@String(TIP  = {IEEE Trans. Image Process.})
@String(TVCG  = {IEEE Trans. Vis. Comput. Graph.})
@String(TMM  = {IEEE Trans. Multimedia})
@String(ACMMM= {ACM Int. Conf. Multimedia})
@String(ICME = {Int. Conf. Multimedia and Expo})
@String(ICASSP=	{ICASSP})
@String(ICIP = {IEEE Int. Conf. Image Process.})
@String(ACCV  = {ACCV})
@String(ICLR = {Int. Conf. Learn. Represent.})
@String(IJCAI = {IJCAI})
@String(PR   = {Pattern Recognition})
@String(AAAI = {AAAI})
@String(CVPRW= {IEEE Conf. Comput. Vis. Pattern Recog. Worksh.})
@String(CSVT = {IEEE Trans. Circuit Syst. Video Technol.})

@String(SPL	= {IEEE Sign. Process. Letters})
@String(VR   = {Vis. Res.})
@String(JOV	 = {J. Vis.})
@String(TVC  = {The Vis. Comput.})
@String(JCST  = {J. Comput. Sci. Tech.})
@String(CGF  = {Comput. Graph. Forum})
@String(CVM = {Computational Visual Media})


@String(PAMI  = {IEEE TPAMI})
@String(IJCV  = {IJCV})
@String(CVPR  = {CVPR})
@String(ICCV  = {ICCV})
@String(ECCV  = {ECCV})
@String(NIPS  = {NeurIPS})
@String(ICPR  = {ICPR})
@String(BMVC  =	{BMVC})
@String(TOG   = {ACM TOG})
@String(TIP   = {IEEE TIP})
@String(TVCG  = {IEEE TVCG})
@String(TCSVT = {IEEE TCSVT})
@String(TMM   =	{IEEE TMM})
@String(ACMMM = {ACM MM})
@String(ICME  =	{ICME})
@String(ICASSP=	{ICASSP})
@String(ICIP  = {ICIP})
@String(ACCV  = {ACCV})
@String(ICLR  = {ICLR})
@String(IJCAI = {IJCAI})
@String(PR = {PR})
@String(AAAI = {AAAI})
@String(CVPRW= {CVPRW})
@String(CSVT = {IEEE TCSVT})


% explicit 3DR
% single view
@inproceedings{singleviewport,
  title={3D Scene Reconstruction from a Single Viewport},
  author={Denninger, Maximilian and Triebel, Rudolph},
  booktitle={Proceedings of the European Conference on Computer Vision (ECCV)},
  year={2020}
}
@inproceedings{monoscene,
    title={MonoScene: Monocular 3D Semantic Scene Completion}, 
    author={Anh-Quan Cao and Raoul de Charette},
    booktitle={CVPR},
    year={2022}
}

@inproceedings{panoptic3d,
  title={Panoptic {3D} Scene Reconstruction From a Single RGB Image},
  author={Dahnert, Manuel and Hou, Ji and Nie{\ss}ner, Matthias and Dai, Angela},
  booktitle={Thirty-Fifth Conference on Neural Information Processing Systems},
  year={2021}
}

% depth to tsdf
@INPROCEEDINGS{kineticfusion,
  author={Newcombe, Richard A. and Izadi, Shahram and Hilliges, Otmar and Molyneaux, David and Kim, David and Davison, Andrew J. and Kohi, Pushmeet and Shotton, Jamie and Hodges, Steve and Fitzgibbon, Andrew},
  booktitle={2011 10th IEEE International Symposium on Mixed and Augmented Reality}, 
  title={{KinectFusion}: Real-time dense surface mapping and tracking}, 
  year={2011}}

@INPROCEEDINGS{3dgo,
  author={Schöps, Thomas and Sattler, Torsten and Häne, Christian and Pollefeys, Marc},
  booktitle={2015 International Conference on 3D Vision}, 
  title={{3D} Modeling on the Go: Interactive {3D} Reconstruction of Large-Scale Scenes on Mobile Devices}, 
  year={2015},
  volume={},
  number={},
  pages={291-299},
  doi={10.1109/3DV.2015.40}}

  @INPROCEEDINGS{vif,
  author={Yang, Zhenfei and Gao, Fei and Shen, Shaojie},
  booktitle={2017 IEEE International Conference on Robotics and Automation (ICRA)}, 
  title={Real-time monocular dense mapping on aerial robots using visual-inertial fusion}, 
  year={2017},
  volume={},
  number={},
  pages={4552-4559},
  doi={10.1109/ICRA.2017.7989529}}

  @INPROCEEDINGS{neuralrgb,
  author={Liu, Chao and Gu, Jinwei and Kim, Kihwan and Narasimhan, Srinivasa G. and Kautz, Jan},
  booktitle={2019 IEEE/CVF Conference on Computer Vision and Pattern Recognition (CVPR)}, 
  title={Neural {RGB®D} Sensing: Depth and Uncertainty From a Video Camera}, 
  year={2019},
  volume={},
  number={},
  pages={10978-10987},
  doi={10.1109/CVPR.2019.01124}}

  @INPROCEEDINGS{mvstempo,
  author={Hou, Yuxin and Kannala, Juho and Solin, Arno},
  booktitle={2019 IEEE/CVF International Conference on Computer Vision (ICCV)}, 
  title={Multi-View Stereo by Temporal Nonparametric Fusion}, 
  year={2019},
  volume={},
  number={},
  pages={2651-2660},
  doi={10.1109/ICCV.2019.00274}}

@article{smartphone,
author = {Valentin, Julien and Kowdle, Adarsh and Barron, Jonathan T. and Wadhwa, Neal and Dzitsiuk, Max and Schoenberg, Michael and Verma, Vivek and Csaszar, Ambrus and Turner, Eric and Dryanovski, Ivan and Afonso, Joao and Pascoal, Jose and Tsotsos, Konstantine and Leung, Mira and Schmidt, Mirko and Guleryuz, Onur and Khamis, Sameh and Tankovitch, Vladimir and Fanello, Sean and Izadi, Shahram and Rhemann, Christoph},
title = {Depth from Motion for Smartphone {AR}},
year = {2018},
journal = {ACM Trans. Graph.},
month = {dec},
articleno = {193},
numpages = {19},
}

@inproceedings{RevisitingSI,
  title={Revisiting Single Image Depth Estimation: Toward Higher Resolution Maps With Accurate Object Boundaries},
  author={Junjie Hu and Mete Ozay and Yan Zhang and Takayuki Okatani},
  booktitle={2019 IEEE Winter Conference on Applications of Computer Vision (WACV)},
  year={2019}
}

@InProceedings{ESTDepth,
    author    = {Long, Xiaoxiao and Liu, Lingjie and Li, Wei and Theobalt, Christian and Wang, Wenping},
    title     = {Multi-view Depth Estimation using Epipolar Spatio-Temporal Networks},
    booktitle = {Proceedings of the IEEE/CVF Conference on Computer Vision and Pattern Recognition (CVPR)},
    month     = {June},
    year      = {2021},
    pages     = {8258-8267}
}

@inproceedings{deltas,
  title={{DELTAS}: Depth Estimation by Learning Triangulation And densification of Sparse points},
  author={Ayan Sinha and
  	 Zak Murez and 
  	 James Bartolozzi and
  	 Vijay Badrinarayanan and
  	 Andrew Rabinovich},
  booktitle = {ECCV},
  year      = {2020},
  url       = {https://arxiv.org/abs/2003.08933}
}

@inproceedings{deepvideomvs,
    author    = {Duzceker, Arda and Galliani, Silvano and Vogel, Christoph and 
                 Speciale, Pablo and Dusmanu, Mihai and Pollefeys, Marc},
    title     = {DeepVideoMVS: Multi-View Stereo on Video With Recurrent Spatio-Temporal Fusion},
    booktitle = {Proceedings of the IEEE/CVF Conference on Computer Vision and Pattern Recognition (CVPR)},
    month     = {June},
    year      = {2021},
    pages     = {15324-15333}
}

@inproceedings{simplerecon,
  title={SimpleRecon: 3D Reconstruction Without 3D Convolutions},
  author={Sayed, Mohamed and Gibson, John and Watson, Jamie and Prisacariu, Victor and Firman, Michael and Godard, Cl{\'e}ment},
  booktitle={Proceedings of the European Conference on Computer Vision (ECCV)},
  year={2022},
}


% mono video
@article{neucon,
  title={{NeuralRecon}: Real-Time Coherent {3D} Reconstruction from Monocular Video},
  author={Sun, Jiaming and Xie, Yiming and Chen, Linghao and Zhou, Xiaowei and Bao, Hujun},
  journal={CVPR},
  year={2021}
}

@inproceedings{atlas,
  title={Atlas: End-to-End 3D Scene Reconstruction from Posed Images},
  author={Zak Murez and 
          Tarrence van As and 
          James Bartolozzi and 
          Ayan Sinha and 
          Vijay Badrinarayanan and 
          Andrew Rabinovich},
  booktitle = {ECCV},
  year      = {2020},
  url       = {https://arxiv.org/abs/2003.10432}
}

@InProceedings{neuralfusion,
    author    = {Weder, Silvan and Schonberger, Johannes L. and Pollefeys, Marc and Oswald, Martin R.},
    title     = {{NeuralFusion}: Online Depth Fusion in Latent Space},
    booktitle = {Proceedings of the IEEE/CVF Conference on Computer Vision and Pattern Recognition (CVPR)},
    month     = {June},
    year      = {2021},
    pages     = {3162-3172}
}

@inproceedings{3dvnet,
  title={{3DVNet}: Multi-View Depth Prediction and Volumetric Refinement},
  author={Alexander Rich and Noah Stier and Pradeep Sen and Tobias H\"ollerer},
  booktitle={Proceedings of the International Conference on {3D} Vision (3DV)},
  year={2021}
}

@inproceedings{vortx,
  title={\mbox{VoRTX}: Volumetric 3D Reconstruction With Transformers for Voxelwise View Selection and Fusion},
  author={Stier, Noah and Rich, Alexander and Sen, Pradeep and H{\"o}llerer, Tobias},
  booktitle={2021 International Conference on 3D Vision (3DV)},
  pages={320--330},
  year={2021},
  organization={IEEE}
}

% implicit 3DR (NeRF)
@inproceedings{nerf,
  title={\mbox{NeRF}: Representing Scenes as Neural Radiance Fields for View Synthesis},
  author={Ben Mildenhall and Pratul P. Srinivasan and Matthew Tancik and Jonathan T. Barron and Ravi Ramamoorthi and Ren Ng},
  year={2020},
  booktitle={ECCV},
}

% fast nerf
@article{mvsnerf,
  title={\mbox{MVSNeRF}: Fast Generalizable Radiance Field Reconstruction from Multi-View Stereo},
  author={Chen, Anpei and Xu, Zexiang and Zhao, Fuqiang and Zhang, Xiaoshuai and Xiang, Fanbo and Yu, Jingyi and Su, Hao},
  journal={arXiv preprint arXiv:2103.15595},
  year={2021}
}

@inproceedings{pointnerf,
  title={\mbox{Point-NeRF}: Point-based neural radiance fields},
  author={Xu, Qiangeng and Xu, Zexiang and Philip, Julien and Bi, Sai and Shu, Zhixin and Sunkavalli, Kalyan and Neumann, Ulrich},
  booktitle={Proceedings of the IEEE/CVF Conference on Computer Vision and Pattern Recognition},
  pages={5438--5448},
  year={2022}
}

% less view nerf
@inproceedings{pixelnerf,
      title={\mbox{pixelNeRF}: Neural Radiance Fields from One or Few Images},
      author={Alex Yu and Vickie Ye and Matthew Tancik and Angjoo Kanazawa},
      year={2021},
      booktitle={CVPR},
}


% vox to ray nerf
@article{nsvf,
  title={Neural Sparse Voxel Fields},
  author={Liu, Lingjie and Gu, Jiatao and Lin, Kyaw Zaw and Chua, Tat-Seng and Theobalt, Christian},
  journal={NeurIPS},
  year={2020}
}

@inproceedings{plenoxels,
      title={Plenoxels: Radiance Fields without Neural Networks}, 
      author={Sara Fridovich-Keil and Alex Yu and Matthew Tancik and Qinhong Chen and Benjamin Recht and Angjoo Kanazawa},
      year={2022},
      booktitle={CVPR},
}

@article{instant,
    author = {Thomas M\"uller and Alex Evans and Christoph Schied and Alexander Keller},
    title = {Instant Neural Graphics Primitives with a Multiresolution Hash Encoding},
    journal = {ACM Trans. Graph.},
    issue_date = {July 2022},
    volume = {41},
    number = {4},
    month = jul,
    year = {2022},
    pages = {102:1--102:15},
    articleno = {102},
    numpages = {15},
    url = {https://doi.org/10.1145/3528223.3530127},
    doi = {10.1145/3528223.3530127},
    publisher = {ACM},
    address = {New York, NY, USA},
}

% block NeRF
 @InProceedings{blocknerf,
    author    = {Tancik, Matthew and Casser, Vincent and Yan, Xinchen and Pradhan, Sabeek and Mildenhall, Ben and Srinivasan, Pratul P. and Barron, Jonathan T. and Kretzschmar, Henrik},
    title     = {\mbox{Block-NeRF}: Scalable Large Scene Neural View Synthesis},
    booktitle = {Proceedings of the IEEE/CVF Conference on Computer Vision and Pattern Recognition (CVPR)},
    month     = {June},
    year      = {2022},
    pages     = {8248-8258}
}

@article{nerfusion,
  author    = {Zhang, Xiaoshuai and Bi, Sai and Sunkavalli, Kalyan and Su, Hao and Xu, Zexiang},
  title     = {\mbox{NeRFusion}: Fusing Radiance Fields for Large-Scale Scene Reconstruction},
  journal   = {CVPR},
  year      = {2022},
}

% explicit NeRF

@inproceedings{hnerf,
  title={{H-NeRF}: Neural Radiance Fields for Rendering and Temporal Reconstruction of Humans in Motion},
  author={Hongyi Xu and Thiemo Alldieck and Cristian Sminchisescu},
  booktitle={Neural Information Processing Systems},
  year={2021}
}

@inproceedings{isdf,
  title={iSDF: Real-Time Neural Signed Distance Fields for Robot Perception},
  author={Ortiz, Joseph and Clegg, Alexander and Dong, Jing and Sucar, Edgar and Novotny, David and Zollhoefer, Michael and Mukadam, Mustafa},
  booktitle={Robotics: Science and Systems},
  year={2022}
}

@article{monosdf,
  author    = {Yu, Zehao and Peng, Songyou and Niemeyer, Michael and Sattler, Torsten and Geiger, Andreas},
  title     = {\mbox{MonoSDF}: Exploring Monocular Geometric Cues for Neural Implicit Surface Reconstruction},
  journal   = {Advances in Neural Information Processing Systems (NeurIPS)},
  year      = {2022},
}

@inproceedings{manhattansdf,
  title={Neural \mbox{3D} Scene Reconstruction with the Manhattan-world Assumption},
  author={Guo, Haoyu and Peng, Sida and Lin, Haotong and Wang, Qianqian and Zhang, Guofeng and Bao, Hujun and Zhou, Xiaowei},
  booktitle={CVPR},
  year={2022}
}

@inproceedings{volsdf,
  title={Volume rendering of neural implicit surfaces},
  author={Yariv, Lior and Gu, Jiatao and Kasten, Yoni and Lipman, Yaron},
  booktitle={Thirty-Fifth Conference on Neural Information Processing Systems},
  year={2021}
}

@article{neuris,
      	title={\mbox{NeuRIS}: Neural Reconstruction of Indoor Scenes Using Normal Priors}, 
      	author={Wang, Jiepeng and Wang, Peng and Long, Xiaoxiao and Theobalt, Christian and Komura, Taku and Liu, Lingjie and Wang, Wenping},
	publisher = {arXiv},
      	year={2022}
}

@inproceedings{neuralangelo,
  title={Neuralangelo: High-Fidelity Neural Surface Reconstruction},
  author={Li, Zhaoshuo and M\"uller, Thomas and Evans, Alex and Taylor, Russell H and Unberath, Mathias and Liu, Ming-Yu and Lin, Chen-Hsuan},
  booktitle={IEEE Conference on Computer Vision and Pattern Recognition ({CVPR})},
  year={2023}
}

@inproceedings{neuralwarp,
    author={Darmon, Fran{\c{c}}ois  and
                 Bascle, B{\'{e}}n{\'{e}}dicte  and
                 Devaux, Jean{-}Cl{\'{e}}ment  and
                 Monasse, Pascal  and
                 Aubry, Mathieu},
    title     = {Improving neural implicit surfaces geometry with patch warping},
    year      = {2022},
    booktitle = CVPR,
}

@article{neus,
  title={\mbox{NeuS}: Learning Neural Implicit Surfaces by Volume Rendering for Multi-view Reconstruction},
  author={Wang, Peng and Liu, Lingjie and Liu, Yuan and Theobalt, Christian and Komura, Taku and Wang, Wenping},
  journal={arXiv preprint arXiv:2106.10689},
  year={2021}
}

@inproceedings{unisurf,
  author    = {Michael Oechsle and Songyou Peng and Andreas Geiger},
  title     = {\mbox{UNISURF}: Unifying Neural Implicit Surfaces and Radiance Fields for Multi-View Reconstruction},
  booktitle = {International Conference on Computer Vision (ICCV)},
  year      = {2021}
} 

% self-supervised depth estimation
@INPROCEEDINGS{monoindoor,
  author={Ji, Pan and Li, Runze and Bhanu, Bir and Xu, Yi},
  booktitle={2021 IEEE/CVF International Conference on Computer Vision (ICCV)}, 
  title={\mbox{MonoIndoor}: Towards Good Practice of Self-Supervised Monocular Depth Estimation for Indoor Environments}, 
  year={2021},
  volume={},
  number={},
  pages={12767-12776},
  doi={10.1109/ICCV48922.2021.01255}}

  @inproceedings{p2net,
  author    = {Zehao Yu and Lei Jin and Shenghua Gao},
  title     = {\mbox{P$^{2}$Net}: Patch-match and Plane-regularization for Unsupervised Indoor Depth Estimation},
  booktitle = {ECCV},
  year      = {2020}
}

@inproceedings{structdepth,
  title={\mbox{StructDepth}: Leveraging the structural regularities for self-supervised indoor depth estimation},
  author={Li, Boying and Huang, Yuan and Liu, Zeyu and Zou, Danping and Yu, Wenxian},
  booktitle={Proceedings of the IEEE International Conference on Computer Vision},
  year={2021}
}

@inproceedings{movingindoor,
author = {Zhou, Junsheng and Wang, Yuwang and Qin, Kaihuai and Zeng, Wenjun},
title = {Moving Indoor: Unsupervised Video Depth Learning in Challenging Environments},
organization = {IEEE},
booktitle = {Inter. Conf. on Computer Vision},
year = {2019},
month = {October},
publisher = {IEEE},
url = {https://www.microsoft.com/en-us/research/publication/moving-indoor-unsupervised-video-depth-learning-in-challenging-environments/},
}

@article{monodepth2,
  title     = {Digging into Self-Supervised Monocular Depth Prediction},
  author    = {Cl{\'{e}}ment Godard and
               Oisin {Mac Aodha} and
               Michael Firman and
               Gabriel J. Brostow},
  booktitle = {The International Conference on Computer Vision (ICCV)},
  month = {October},
year = {2019}
}

@inproceedings{mpi,
    Author = {Zhou, Tinghui and Tucker, Richard and Flynn, John and Fyffe, Graham and Snavely, Noah},
    Title = {Stereo Magnification: Learning View Synthesis using Multiplane Images},
    Booktitle = {SIGGRAPH},
    Year = {2018}
}

@article{mononerf,
    title={\mbox{MonoNeRF}: Learning Generalizable \mbox{NeRFs} from Monocular Videos without Camera Poses},
    author={Fu, Yang and Misra, Ishan and Wang, Xiaolong},
    journal={arXiv preprint arXiv:2210.07181},
    year={2022}
    }

@inproceedings{mpi-nerf,
  title={MINE: Towards Continuous Depth \mbox{MPI} with \mbox{NeRF} for Novel View Synthesis},
  author={Jiaxin Li and Zijian Feng and Qi She and Henghui Ding and Changhu Wang and Gim Hee Lee},
  year={2021},
  booktitle={ICCV},
}

@inproceedings{ibrnerf,
  author    = {Wang, Qianqian and Wang, Zhicheng and Genova, Kyle and Srinivasan, Pratul and Zhou, Howard  and Barron, Jonathan T. and Martin-Brualla, Ricardo and Snavely, Noah and Funkhouser, Thomas},
  title     = {\mbox{IBRNet}: Learning Multi-View Image-Based Rendering},
  booktitle = {CVPR},
  year      = {2021}
}

@inproceedings{distdepth,
title={Toward Practical Monocular Indoor Depth Estimation},
author={Wu, Cho-Ying and Wang, Jialiang and Hall, Michael and Neumann, Ulrich and Su, Shuochen},
booktitle={CVPR},
year={2022}
}


% key points extraction
@ARTICLE{dso,
  author={Engel, Jakob and Koltun, Vladlen and Cremers, Daniel},
  journal={IEEE Transactions on Pattern Analysis and Machine Intelligence}, 
  title={Direct Sparse Odometry}, 
  year={2018},
  volume={40},
  number={3},
  pages={611-625},
  doi={10.1109/TPAMI.2017.2658577}}

% plane segmentation & loss
@article{plane_seg,
  title={Efficient Graph-Based Image Segmentation},
  author={Pedro F. Felzenszwalb and Daniel P. Huttenlocher},
  journal={International Journal of Computer Vision},
  year={2004},
  volume={59},
  pages={167-181}
}

@INPROCEEDINGS{planercnn,
  author={Liu, Chen and Kim, Kihwan and Gu, Jinwei and Furukawa, Yasutaka and Kautz, Jan},
  booktitle={2019 IEEE/CVF Conference on Computer Vision and Pattern Recognition (CVPR)}, 
  title={\mbox{PlaneRCNN}: 3D Plane Detection and Reconstruction From a Single Image}, 
  year={2019},
  volume={},
  number={},
  pages={4445-4454},
  doi={10.1109/CVPR.2019.00458}}

  @INPROCEEDINGS{planenet,
  author={Liu, Chen and Yang, Jimei and Ceylan, Duygu and Yumer, Ersin and Furukawa, Yasutaka},
  booktitle={2018 IEEE/CVF Conference on Computer Vision and Pattern Recognition}, 
  title={\mbox{PlaneNet}: Piece-Wise Planar Reconstruction from a Single RGB Image}, 
  year={2018},
  volume={},
  number={},
  pages={2579-2588},
  doi={10.1109/CVPR.2018.00273}}

  @INPROCEEDINGS{piece-wise,
  author={Yu, Zehao and Zheng, Jia and Lian, Dongze and Zhou, Zihan and Gao, Shenghua},
  booktitle={2019 IEEE/CVF Conference on Computer Vision and Pattern Recognition (CVPR)}, 
  title={Single-Image Piece-Wise Planar 3D Reconstruction via Associative Embedding}, 
  year={2019},
  volume={},
  number={},
  pages={1029-1037},
  doi={10.1109/CVPR.2019.00112}}

  % table ref
  % 3dr
  @InProceedings{mvdepthnet,
    author       = "K. Wang and S. Shen",
    title        = "MVDepthNet: real-time multiview depth estimation neural network",
    booktitle    = "International Conference on 3D Vision (3DV)",
    month        = "Sep.",
    year         = "2018",
  }

  @INPROCEEDINGS{gpmvs,
  author={Hou, Yuxin and Kannala, Juho and Solin, Arno},
  booktitle={2019 IEEE/CVF International Conference on Computer Vision (ICCV)}, 
  title={Multi-View Stereo by Temporal Nonparametric Fusion}, 
  year={2019},
  volume={},
  number={},
  pages={2651-2660},
  doi={10.1109/ICCV.2019.00274}}

  @ARTICLE{dpsnet,
  author={Fan, Bin and Wang, Ke and Dai, Yuchao and He, Mingyi},
  journal={IEEE Signal Processing Letters}, 
  title={\mbox{RS-DPSNet}: Deep Plane Sweep Network for Rolling Shutter Stereo Images}, 
  year={2021},
  volume={28},
  number={},
  pages={1550-1554},
  doi={10.1109/LSP.2021.3099350}}

  @inproceedings{colmap,
    author={Sch\"{o}nberger, Johannes Lutz and Frahm, Jan-Michael},
    title={Structure-from-Motion Revisited},
    booktitle={Conference on Computer Vision and Pattern Recognition (CVPR)},
    year={2016},
}

@article{CNMNet,
  title={Occlusion-Aware Depth Estimation with Adaptive Normal Constraints},
  author={Long, Xiaoxiao and Liu, Lingjie and Theobalt, Christian and Wang, Wenping},
  journal={ECCV},
  year={2020}
}

@inproceedings{deepv2d,
  author       = {Zachary Teed and
                  Jia Deng},
  title        = {\mbox{DeepV2D}: Video to Depth with Differentiable Structure from Motion},
  booktitle    = {8th International Conference on Learning Representations, {ICLR} 2020,
                  Addis Ababa, Ethiopia, April 26-30, 2020},
  year         = {2020}
}

@InProceedings{demon,
  author       = "B. Ummenhofer and H. Zhou and J. Uhrig and N. Mayer and E. Ilg and A. Dosovitskiy and T. Brox",
  title        = "\mbox{DeMoN}: Depth and Motion Network for Learning Monocular Stereo",
  booktitle    = "IEEE Conference on Computer Vision and Pattern Recognition (CVPR)",
  month        = " ",
  year         = "2017",
  url          = "http://lmb.informatik.uni-freiburg.de//Publications/2017/UZUMIDB17"
}

@article{mvsnet,
  title={Recurrent \mbox{MVSNet} for High-resolution Multi-view Stereo Depth Inference},
  author={Yao, Yao and Luo, Zixin and Li, Shiwei and Shen, Tianwei and Fang, Tian and Quan, Long},
  journal={Computer Vision and Pattern Recognition (CVPR)},
  year={2019}
}

% 7 scene experiment
% algorithm
@inproceedings{marchingcube,
author = {Lorensen, William E. and Cline, Harvey E.},
title = {Marching Cubes: A High Resolution 3D Surface Construction Algorithm},
year = {1987},
booktitle = {Proceedings of the 14th Annual Conference on Computer Graphics and Interactive Techniques},
pages = {163–169},
numpages = {7},
series = {SIGGRAPH '87}
}

@INPROCEEDINGS{key_select,
  author={Hou, Yuxin and Kannala, Juho and Solin, Arno},
  booktitle={2019 IEEE/CVF International Conference on Computer Vision (ICCV)}, 
  title={Multi-View Stereo by Temporal Nonparametric Fusion}, 
  year={2019},
  volume={},
  number={},
  pages={2651-2660},
  doi={10.1109/ICCV.2019.00274}}

% dataset
@inproceedings{scannet,
    title={\mbox{ScanNet}: Richly-annotated 3D Reconstructions of Indoor Scenes},
    author={Dai, Angela and Chang, Angel X. and Savva, Manolis and Halber, Maciej and Funkhouser, Thomas and Nie{\ss}ner, Matthias},
    booktitle = {Proc. Computer Vision and Pattern Recognition (CVPR), IEEE},
    year = {2017}
}

@inproceedings{7scenes,
author = {Shotton, Jamie and Glocker, Ben and Zach, Christopher and Izadi, Shahram and Criminisi, Antonio and Fitzgibbon, Andrew},
title = {Scene Coordinate Regression Forests for Camera Relocalization in RGB-D Images},
booktitle = {Proc. Computer Vision and Pattern Recognition (CVPR)},
year = {2013}
}


@inproceedings{over_composite,
author = {Porter, Thomas and Duff, Tom},
title = {Compositing Digital Images},
year = {1984},
booktitle = {SIGGRAPH 1984}
}