@article{liang2019evaluation,
  title={Evaluation and accurate diagnoses of pediatric diseases using artificial intelligence},
  author={Liang, Huiying and Tsui, Brian Y and Ni, Hao and Valentim, Carolina CS and Baxter, Sally L and Liu, Guangjian and Cai, Wenjia and Kermany, Daniel S and Sun, Xin and Chen, Jiancong and others},
  journal={Nature medicine},
  volume={25},
  number={3},
  pages={433--438},
  year={2019},
}

@inproceedings{hosseini2018heteromed,
  title={Hetero{M}ed: Heterogeneous information network for medical diagnosis},
  author={Hosseini, Anahita and Chen, Ting and Wu, Wenjun and Sun, Yizhou and Sarrafzadeh, Majid},
  booktitle={Proceedings of the 27th ACM International Conference on Information and Knowledge Management},
  pages={763--772},
  year={2018}
}

@INPROCEEDINGS{hosseini2019htad,
author={A. {Hosseini} and T. {Davis} and M. {Sarrafzadeh}},
booktitle={2019 International Conference on Data Mining Workshops (ICDMW)},
title={Hierarchical Target-Attentive Diagnosis Prediction in Heterogeneous Information Networks},
year={2019},
volume={},
number={},
pages={949-957},}

@INPROCEEDINGS{zhanghcnn2017, author={J. {Zhang} and J. {Gong} and L. {Barnes}}, booktitle={IEEE/ACM International Conference on Connected Health: Applications, Systems and Engineering Technologies (CHASE)}, title={HCNN: Heterogeneous Convolutional Neural Networks for Comorbid Risk Prediction with Electronic Health Records}, year={2017}, volume={}, number={}, pages={214-221},}

@article{johnson2016mimic,
  title={MIMIC-III, a freely accessible critical care database},
  author={Johnson, Alistair EW. and Pollard, Tom J. and Shen, Lu and Li-wei, H. Lehman and Feng, Mengling and Ghassemi, Mohammad and Moody, Benjamin and Szolovits, Peter and Celi, Leo Anthony and Mark, Roger G.},
  journal={Scientific Data},
  volume={3},
  year={2016},
}

@article{herrett2015data,
  title={Data resource profile: Clinical practice research datalink (CPRD)},
  author={Herrett, Emily and Gallagher, Arlene M. and Bhaskaran, Krishnan and Forbes, Harriet and Mathur, Rohini and van Staa, Tjeerd and Smeeth, Liam},
  journal={International Journal of Epidemiology},
  volume={44},
  pages={827--836},
  year={2015},
}

@inproceedings{che2017deep,
  title={Deep learning solutions to computational phenotyping in health care},
  author={Che, Zhengping and Liu, Yan},
  booktitle={IEEE International Conference on Data Mining Workshops},
  pages={1100--1109},
  year={2017},
}

@article{purushotham2017benchmark,
  title={Benchmark of deep learning models on large healthcare {MIMIC} datasets},
  author={Purushotham, Sanjay and Meng, Chuizheng and Che, Zhengping and Liu, Yan},
  journal={arXiv preprint arXiv:1710.08531},
  year={2017}
}

@inproceedings{choi2016multi,
  title={Multi-layer representation learning for medical concepts},
  author={Choi, Edward and Bahadori, Mohammad Taha and Searles, Elizabeth and Coffey, Catherine and Thompson, Michael and Bost, James and Tejedor-Sojo, Javier and Sun, Jimeng},
  booktitle={Proceedings of the 22nd ACM SIGKDD International Conference on Knowledge Discovery and Data Mining},
  pages={1495--1504},
  year={2016}
}

@article{li2019behrt,
  title={{BEHRT}: Transformer for electronic health records},
  author={Li, Yikuan and Rao, Shishir and Solares, Jose Roberto Ayala and Hassaine, Abdelaali and Canoy, Dexter and Zhu, Yajie and Rahimi, Kazem and Salimi-Khorshidi, Gholamreza},
  journal={arXiv preprint arXiv:1907.09538},
  year={2019}
}

@inproceedings{choi2018mime,
  title={{MiME}: Multilevel medical embedding of electronic health records for predictive healthcare},
  author={Choi, Edward and Xiao, Cao and Stewart, Walter and Sun, Jimeng},
  booktitle={Advances in Neural Information Processing Systems},
  pages={4547--4557},
  year={2018}
}

@inproceedings{hamilton2017inductive,
  title={Inductive representation learning on large graphs},
  author={Hamilton, Will and Ying, Zhitao and Leskovec, Jure},
  booktitle={Advances in Neural Information Processing Systems},
  pages={1024--1034},
  year={2017}
}

@article{chapman2019semi,
  title={A semi-autonomous approach to connecting proprietary EHR standards to FHIR},
  author={Chapman, Martin and Curcin, Vasa and Sklar, Elizabeth I},
  journal={arXiv preprint arXiv:1911.12254},
  year={2019}
}

@inproceedings{han2010mining,
  title={Mining knowledge from databases: An information network analysis approach},
  author={Han, Jiawei and Sun, Yizhou and Yan, Xifeng and Yu, Philip S.},
  booktitle={Proceedings of the ACM SIGMOD International Conference on Management of Data},
  pages={1251--1252},
  year={2010}
}

@article{kipf2016semi,
  title={Semi-supervised classification with graph convolutional networks},
  author={Kipf, Thomas N. and Welling, Max},
  journal={arXiv preprint arXiv:1609.02907},
  year={2016}
}

@article{rendle2012bpr,
  title={BPR: Bayesian personalized ranking from implicit feedback},
  author={Rendle, Steffen and Freudenthaler, Christoph and Gantner, Zeno and Schmidt-Thieme, Lars},
  journal={arXiv preprint arXiv:1205.2618},
  year={2012}
}

@inproceedings{wang2019neural,
  title={Neural graph collaborative filtering},
  author={Wang, Xiang and He, Xiangnan and Wang, Meng and Feng, Fuli and Chua, Tat-Seng},
  booktitle={Proceedings of the 42nd International ACM SIGIR Conference on Research and Development in Information Retrieval},
  pages={165--174},
  year={2019}
}

@article{lin2009intelligent,
  title={An intelligent model for liver disease diagnosis},
  author={Lin, Rong-Ho},
  journal={Artificial Intelligence in Medicine},
  volume={47},
  pages={53--62},
  year={2009},
}

@article{soni2011predictive,
  title={Predictive data mining for medical diagnosis: An overview of heart disease prediction},
  author={Soni, Jyoti and Ansari, Ujma and Sharma, Dipesh and Soni, Sunita},
  journal={International Journal of Computer Applications},
  volume={17},
  pages={43--48},
  year={2011}
}

@article{weng2016disease,
  title={Disease prediction with different types of neural network classifiers},
  author={Weng, Cheng-Hsiung and Huang, Tony Cheng-Kui and Han, Ruo-Ping},
  journal={Telematics and Informatics},
  volume={33},
  pages={277--292},
  year={2016},
}

@article{choi2016learning,
  title={Learning low-dimensional representations of medical concepts},
  author={Choi, Youngduck and Chiu, Chill Yi-I and Sontag, David},
  journal={AMIA Summits on Translational Science Proceedings},
  pages={41-50},
  year={2016},
}

@article{mikolov2013efficient,
  title={Efficient estimation of word representations in vector space},
  author={Mikolov, Tomas and Chen, Kai and Corrado, Greg and Dean, Jeffrey},
  journal={arXiv preprint arXiv:1301.3781},
  year={2013}
}

@Article{farhan2016predictive,
author="Farhan, Wael
and Wang, Zhimu
and Huang, Yingxiang
and Wang, Shuang
and Wang, Fei
and Jiang, Xiaoqian",
title="A predictive model for medical events based on contextual embedding of temporal sequences",
journal="JMIR Medical Informatics",
year="2016",
volume="4",
number="4",
pages="e39",
}


@article{mullenbach2018explainable,
  title={Explainable prediction of medical codes from clinical text},
  author={Mullenbach, James and Wiegreffe, Sarah and Duke, Jon and Sun, Jimeng and Eisenstein, Jacob},
  journal={arXiv preprint arXiv:1802.05695},
  year={2018}
}

@inproceedings{devlin2018bert,
  title={{BERT}: Pre-training of deep bidirectional transformers for language understanding},
  author={Devlin, Jacob and Chang, Ming-Wei and Lee, Kenton and Toutanova, Kristina},
  booktitle={Proceedings of the Conference of the Association for Computational Linguistics},
  pages={4171--4186},
  year={2019}
}


@article{wei2018embedding,
  title={Embedding electronic health records for clinical information retrieval},
  author={Wei, Xing and Eickhoff, Carsten},
  journal={arXiv preprint arXiv:1811.05402},
  year={2018}
}

@article{choi2019graph,
  title={Graph convolutional transformer: Learning the graphical structure of electronic health records},
  author={Choi, Edward and Xu, Zhen and Li, Yujia and Dusenberry, Michael W. and Flores, Gerardo and Xue, Yuan and Dai, Andrew M.},
  journal={arXiv preprint arXiv:1906.04716},
  year={2019}
}

@inproceedings{he2017neural,
  title={Neural collaborative filtering},
  author={He, Xiangnan and Liao, Lizi and Zhang, Hanwang and Nie, Liqiang and Hu, Xia and Chua, Tat-Seng},
  booktitle={Proceedings of the 26th International Conference on World Wide Web},
  pages={173--182},
  year={2017}
}

@article{kim2014convolutional,
  title={Convolutional neural networks for sentence classification},
  author={Kim, Yoon},
  journal={arXiv preprint arXiv:1408.5882},
  year={2014}
}

@inproceedings{bouma2009normalized,
  title={Normalized (pointwise) mutual information in collocation extraction},
  author={Bouma, Gerlof},
  journal={Proceedings of German Society for Computational Linguistics and Language Technology},
  pages={31--40},
  year={2009}
}

@article{kingma2014adam,
  title={Adam: A method for stochastic optimization},
  author={Kingma, Diederik P. and Ba, Jimmy},
  journal={arXiv preprint arXiv:1412.6980},
  year={2014}
}

@inproceedings{ying2018graph,
  title={Graph convolutional neural networks for web-scale recommender systems},
  author={Ying, Rex and He, Ruining and Chen, Kaifeng and Eksombatchai, Pong and Hamilton, William L. and Leskovec, Jure},
  booktitle={Proceedings of the 24th ACM SIGKDD International Conference on Knowledge Discovery and Data Mining},
  pages={974--983},
  year={2018}
}

@inproceedings{paszke2019pytorch,
  title={PyTorch: An imperative style, high-performance deep learning library},
  author={Paszke, Adam and Gross, Sam and Massa, Francisco and Lerer, Adam and Bradbury, James and Chanan, Gregory and Killeen, Trevor and Lin, Zeming and Gimelshein, Natalia and Antiga, Luca and others},
  booktitle={Advances in Neural Information Processing Systems},
  pages={8024--8035},
  year={2019}
}

@inproceedings{mikolov2013distributed,
  title={Distributed representations of words and phrases and their compositionality},
  author={Mikolov, Tomas and Sutskever, Ilya and Chen, Kai and Corrado, Greg S. and Dean, Jeff},
  booktitle={Advances in Neural Information Processing Systems},
  pages={3111--3119},
  year={2013}
}

@inproceedings{bengio2009curriculum,
  title={Curriculum learning},
  author={Bengio, Yoshua and Louradour, J{\'e}r{\^o}me and Collobert, Ronan and Weston, Jason},
  booktitle={Proceedings of the 26th Annual International Conference on Machine Learning},
  pages={41--48},
  year={2009}
}

@inproceedings{galko2018biomedical,
  title={Biomedical question answering via weighted neural network passage retrieval},
  author={Galk{\'o}, Ferenc and Eickhoff, Carsten},
  booktitle={European Conference on Information Retrieval},
  pages={523--528},
  year={2018},
}

@inproceedings{hosseini2019hierarchical,
  title={Hierarchical target-attentive diagnosis prediction in heterogeneous information networks},
  author={Hosseini, Anahita and Davis, Tyler and Sarrafzadeh, Majid},
  booktitle={International Conference on Data Mining Workshops},
  pages={949--957},
  year={2019},
}

@article{zhang2018patient2vec,
  title={{Patient2Vec}: A personalized interpretable deep representation of the longitudinal electronic health record},
  author={Zhang, Jinghe and Kowsari, Kamran and Harrison, James H. and Lobo, Jennifer M. and Barnes, Laura E.},
  journal={IEEE Access},
  volume={6},
  pages={65333-65346},
  year={2018},
}

@article{dligach2018learning,
  title={Learning patient representations from text},
  author={Dligach, Dmitriy and Miller, Timothy},
  journal={arXiv preprint arXiv:1805.02096},
  year={2018},
}


@article{biswal2019doctor2vec,
  title={Doctor2Vec: Dynamic doctor representation learning for clinical trial recruitment},
  author={Biswal, Siddharth and Xiao, Cao and Glass, Lucas M. and Milkovits, Elizabeth and Sun, Jimeng},
  journal={arXiv preprint arXiv:1911.10395},
  year={2019},
}

@inproceedings{zhu2016measuring,
  title={Measuring patient similarities via a deep architecture with medical concept embedding},
  author={Zhu, Zihao and Yin, Changchang and Qian, Buyue and Cheng, Yu and Wei, Jishang and Wang, Fei},
  booktitle={IEEE 16th International Conference on Data Mining},
  pages={749--758},
  year={2016},
}

@inproceedings{ni2017automated,
  title={Automated medical diagnosis by ranking clusters across the symptom-disease network},
  author={Ni, Jingchao and Fei, Hongliang and Fan, Wei and Zhang, Xiang},
  booktitle={2017 IEEE International Conference on Data Mining (ICDM)},
  pages={1009--1014},
  year={2017},
  organization={IEEE}
}

@inproceedings{ke2017lightgbm,
  title={Lightgbm: A highly efficient gradient boosting decision tree},
  author={Ke, Guolin and Meng, Qi and Finley, Thomas and Wang, Taifeng and Chen, Wei and Ma, Weidong and Ye, Qiwei and Liu, Tie-Yan},
  booktitle={Advances in Neural Information Processing Systems},
  pages={3146--3154},
  year={2017}
}

@inproceedings{choi2016doctor,
  title={Doctor {AI}: Predicting clinical events via recurrent neural networks},
  author={Choi, Edward and Bahadori, Mohammad Taha and Schuetz, Andy and Stewart, Walter F and Sun, Jimeng},
  booktitle={Machine Learning for Healthcare Conference},
  pages={301--318},
  year={2016}
}

@inproceedings{choi2016retain,
  title={{RETAIN}: An interpretable predictive model for healthcare using reverse time attention mechanism},
  author={Choi, Edward and Bahadori, Mohammad Taha and Sun, Jimeng and Kulas, Joshua and Schuetz, Andy and Stewart, Walter},
  booktitle={Advances in Neural Information Processing Systems},
  pages={3504--3512},
  year={2016}
}

@inproceedings{ma2017dipole,
  title={Dipole: Diagnosis prediction in healthcare via attention-based bidirectional recurrent neural networks},
  author={Ma, Fenglong and Chitta, Radha and Zhou, Jing and You, Quanzeng and Sun, Tong and Gao, Jing},
  booktitle={Proceedings of the 23rd ACM SIGKDD international conference on knowledge discovery and data mining},
  pages={1903--1911},
  year={2017}
}

@inproceedings{hettige2019medgraph,
  title={{MedGraph}: Structural and Temporal Representation Learning of Electronic Medical Records},
  author={Hettige, Bhagya and Wang, Weiqing and Li, Yuan-Fang and Le, Suong and Buntine, Wray},
  booktitle={Proceedings of the 24th European Conference on Artificial Intelligence (ECAI)},
  year={2020}
}


@article{huang2015bidirectional,
  title={Bidirectional LSTM-CRF models for sequence tagging},
  author={Huang, Zhiheng and Xu, Wei and Yu, Kai},
  journal={arXiv preprint arXiv:1508.01991},
  year={2015}
}

@inproceedings{lixian2021,
  title={Learning Robust Patient Representations from Multi-modal Electronic Health Records: A Supervised Deep Learning Approach},
  author={Zhang, Xianli and Qian, Buyue and Li, Yang and Liu, Yang and Chen, Xi and Guan, Chong and Zheng, Yefeng and Chen Li},
  booktitle={Proceedings of the 2021 SIAM International Conference on Data Mining (SDM)},
  year={2021}
}

@inproceedings{wang2021lifelong,
  title={Lifelong Learning based Disease Diagnosis on Clinical Notes},
  author={Wang, Zifeng and Yang, Yifan and Wen, Rui and Chen, Xi and Huang, Shao-Lun and Zheng, Yefeng},
  booktitle={Proceedings of the 25th Pacific-Asia Conference on Knowledge Discovery and Data Mining (PAKDD) },
  year={2021}
}