@inproceedings{lane2019classifying,
  title={Classifying and comparing approaches to subspace clustering with missing data},
  author={Lane, Connor and Boger, Ron and You, Chong and Tsakiris, Manolis and Haeffele, Benjamin and Vidal, Rene},
  booktitle={Proceedings of the IEEE/CVF International Conference on Computer Vision Workshops},
  pages={0--0},
  year={2019}
}


@incollection{Bengio+chapter2007,
author = {Bengio, Yoshua and LeCun, Yann},
booktitle = {Large Scale Kernel Machines},
publisher = {MIT Press},
title = {Scaling Learning Algorithms Towards {AI}},
year = {2007}
}

@article{Hinton06,
author = {Hinton, Geoffrey E. and Osindero, Simon and Teh, Yee Whye},
journal = {Neural Computation},
pages = {1527--1554},
title = {A Fast Learning Algorithm for Deep Belief Nets},
volume = {18},
year = {2006}
}

@book{goodfellow2016deep,
title={Deep learning},
author={Goodfellow, Ian and Bengio, Yoshua and Courville, Aaron and Bengio, Yoshua},
volume={1},
year={2016},
publisher={MIT Press}
}

@article{yu2020learning,
  title={Learning diverse and discriminative representations via the principle of maximal coding rate reduction},
  author={Yu, Yaodong and Chan, Kwan Ho Ryan and You, Chong and Song, Chaobing and Ma, Yi},
  journal={Advances in Neural Information Processing Systems},
  volume={33},
  pages={9422--9434},
  year={2020}
}

@article{hwang2021stein,
  title={Stein Latent Optimization for Generative Adversarial Networks},
  author={Hwang, Uiwon and Kim, Heeseung and Jung, Dahuin and Jang, Hyemi and Lee, Hyungyu and Yoon, Sungroh},
  journal={arXiv preprint arXiv:2106.05319},
  year={2021}
}

@article{tong2022unsupervised,
  title={Unsupervised Learning of Structured Representations via Closed-Loop Transcription},
  author={Tong, Shengbang and Dai, Xili and Chen, Yubei and Li, Mingyang and Li, Zengyi and Yi, Brent and LeCun, Yann and Ma, Yi},
  journal={arXiv preprint arXiv:2210.16782},
  year={2022}
}

@article{chen2016infogan,
  title={Infogan: Interpretable representation learning by information maximizing generative adversarial nets},
  author={Chen, Xi and Duan, Yan and Houthooft, Rein and Schulman, John and Sutskever, Ilya and Abbeel, Pieter},
  journal={Advances in neural information processing systems},
  volume={29},
  year={2016}
}

@article{kingma2013auto,
  title={Auto-encoding variational bayes},
  author={Kingma, Diederik P and Welling, Max},
  journal={arXiv preprint arXiv:1312.6114},
  year={2013}
}

@article{dai2022ctrl,
  title={CTRL: Closed-Loop Transcription to an LDR via Minimaxing Rate Reduction},
  author={Dai, Xili and Tong, Shengbang and Li, Mingyang and Wu, Ziyang and Psenka, Michael and Chan, Kwan Ho Ryan and Zhai, Pengyuan and Yu, Yaodong and Yuan, Xiaojun and Shum, Heung-Yeung and others},
  journal={Entropy},
  volume={24},
  number={4},
  pages={456},
  year={2022},
  publisher={MDPI}
}

@article{zhang2021flexmatch,
  title={Flexmatch: Boosting semi-supervised learning with curriculum pseudo labeling},
  author={Zhang, Bowen and Wang, Yidong and Hou, Wenxin and Wu, Hao and Wang, Jindong and Okumura, Manabu and Shinozaki, Takahiro},
  journal={Advances in Neural Information Processing Systems},
  volume={34},
  pages={18408--18419},
  year={2021}
}
@article{bardes2021vicreg,
  title={Vicreg: Variance-invariance-covariance regularization for self-supervised learning},
  author={Bardes, Adrien and Ponce, Jean and LeCun, Yann},
  journal={arXiv preprint arXiv:2105.04906},
  year={2021}
}
@article{athiwaratkun2018there,
  title={There are many consistent explanations of unlabeled data: Why you should average},
  author={Athiwaratkun, Ben and Finzi, Marc and Izmailov, Pavel and Wilson, Andrew Gordon},
  journal={arXiv preprint arXiv:1806.05594},
  year={2018}
}

@inproceedings{chen2020simple,
  title={A simple framework for contrastive learning of visual representations},
  author={Chen, Ting and Kornblith, Simon and Norouzi, Mohammad and Hinton, Geoffrey},
  booktitle={International conference on machine learning},
  pages={1597--1607},
  year={2020},
  organization={PMLR}
}
@article{grill2020bootstrap,
  title={Bootstrap your own latent-a new approach to self-supervised learning},
  author={Grill, Jean-Bastien and Strub, Florian and Altch{\'e}, Florent and Tallec, Corentin and Richemond, Pierre and Buchatskaya, Elena and Doersch, Carl and Avila Pires, Bernardo and Guo, Zhaohan and Gheshlaghi Azar, Mohammad and others},
  journal={Advances in neural information processing systems},
  volume={33},
  pages={21271--21284},
  year={2020}
}

@article{lecun1998mnist,
  title={The MNIST database of handwritten digits},
  author={LeCun, Yann},
  journal={http://yann. lecun. com/exdb/mnist/},
  year={1998}
}
