@inproceedings{chen2020wavegrad,
 author = {Chen, Nanxin and Zhang, Yu and Zen, Heiga and Weiss, Ron J and Norouzi, Mohammad and Chan, William},
 booktitle = {Proc. of ICLR},
 title = {WaveGrad: Estimating Gradients for Waveform Generation},
 year = {2020}
}

@inproceedings{chen2021wavegrad,
 author = {Chen, Nanxin and Zhang, Yu and Zen, Heiga and Weiss, Ron J and Norouzi, Mohammad and Dehak, Najim and Chan, William},
 journal = {arXiv preprint arXiv:2106.09660},
 title = {WaveGrad 2: Iterative Refinement for Text-to-Speech Synthesis},
 year = {2021}
}

@inproceedings{creswell2018generative,
 author = {Creswell, Antonia and White, Tom and Dumoulin, Vincent and Arulkumaran, Kai and Sengupta, Biswa and Bharath, Anil A},
 journal = {IEEE Signal Processing Magazine},
 title = {Generative adversarial networks: An overview},
 year = {2018}
}

@inproceedings{dhariwal2021diffusion,
 author = {Dhariwal, Prafulla and Nichol, Alex},
 journal = {arXiv preprint arXiv:2105.05233},
 title = {Diffusion models beat gans on image synthesis},
 year = {2021}
}

@inproceedings{donahue2020end,
 author = {Donahue, Jeff and Dieleman, Sander and Binkowski, Mikolaj and Elsen, Erich and Simonyan, Karen},
 booktitle = {Proc. of ICLR},
 title = {End-to-end Adversarial Text-to-Speech},
 year = {2020}
}

@inproceedings{github2020WaveGrad,
 author = {ivanvovk},
 journal = {\url{https://github.com/ivanvovk/WaveGrad}},
 title = {Wavegrad},
 year = {2020}
}
    
    @inproceedings{github2021DiffWaveVocoder,
     author = {philsyn},
     journal = {\url{https://github.com/philsyn/DiffWave-Vocoder}},
     title = {DiffWave-Vocoder},
     year = {2021}
    }

@inproceedings{ho2020denoising,
 author = {Ho, Jonathan and Jain, Ajay and Abbeel, Pieter},
 journal = {Proc. of NeurIPS},
 title = {Denoising diffusion probabilistic models},
 year = {2020}
}

@inproceedings{jang2021univnet,
 author = {Jang, Won and Lim, Dan and Yoon, Jaesam and Kim, Bongwan and Kim, Juntae},
 journal = {arXiv preprint arXiv:2106.07889},
 title = {UnivNet: A Neural Vocoder with Multi-Resolution Spectrogram Discriminators for High-Fidelity Waveform Generation},
 year = {2021}
}

@inproceedings{kim2020glow,
 author = {Kim, Jaehyeon and Kim, Sungwon and Kong, Jungil and Yoon, Sungroh},
 journal = {Proc. of NeurIPS},
 title = {Glow-TTS: A Generative Flow for Text-to-Speech via Monotonic Alignment Search},
 year = {2020}
}

@inproceedings{kim2021conditional,
 author = {Kim, Jaehyeon and Kong, Jungil and Son, Juhee},
 journal = {arXiv preprint arXiv:2106.06103},
 title = {Conditional Variational Autoencoder with Adversarial Learning for End-to-End Text-to-Speech},
 year = {2021}
}

@inproceedings{kingma2014adam,
 author = {Kingma, Diederik P and Ba, Jimmy},
 journal = {arXiv preprint arXiv:1412.6980},
 title = {Adam: A method for stochastic optimization},
 year = {2014}
}

@inproceedings{kong2020diffwave,
 author = {Kong, Zhifeng and Ping, Wei and Huang, Jiaji and Zhao, Kexin and Catanzaro, Bryan},
 booktitle = {Proc. of ICLR},
 title = {DiffWave: A Versatile Diffusion Model for Audio Synthesis},
 year = {2020}
}

@inproceedings{kong2020hifi,
 author = {Kong, Jungil and Kim, Jaehyeon and Bae, Jaekyoung},
 journal = {Proc. of NeurIPS},
 title = {HiFi-GAN: Generative Adversarial Networks for Efficient and High Fidelity Speech Synthesis},
 year = {2020}
}

@inproceedings{kubichek1993mel,
 author = {Kubichek, Robert},
 booktitle = {Proceedings of IEEE Pacific Rim Conference on Communications Computers and Signal Processing},
 title = {Mel-cepstral distance measure for objective speech quality assessment},
 year = {1993}
}

@inproceedings{lam2021bilateral,
 archivePrefix = {arXiv},
 author = {Max W. Y. Lam and Jun Wang and Rongjie Huang and Dan Su and Dong Yu},
 eprint = {2108.11514},
 primaryClass = {cs.LG},
 title = {Bilateral Denoising Diffusion Models},
 year = {2021}
}

@inproceedings{lam2021effective,
 author = {Lam, Max WY and Wang, Jun and Su, Dan and Yu, Dong},
 booktitle = {2021 IEEE Spoken Language Technology Workshop (SLT)},
 title = {Effective Low-Cost Time-Domain Audio Separation Using Globally Attentive Locally Recurrent Networks},
 year = {2021}
}

@inproceedings{LJSpeech,
 author = {Keith Ito},
 journal = {\url{https://keithito.com/LJ-Speech-Dataset/}},
 title = {The lj speech dataset},
 year = {2017}
}

@inproceedings{mao2019mode,
 author = {Mao, Qi and Lee, Hsin-Ying and Tseng, Hung-Yu and Ma, Siwei and Yang, Ming-Hsuan},
 booktitle = {Proc. of CVPR},
 title = {Mode seeking generative adversarial networks for diverse image synthesis},
 year = {2019}
}

@inproceedings{nichol2021improved,
 author = {Nichol, Alex and Dhariwal, Prafulla},
 journal = {arXiv preprint arXiv:2102.09672},
 title = {Improved denoising diffusion probabilistic models},
 year = {2021}
}

@inproceedings{oord2016wavenet,
 author = {Oord, Aaron van den and Dieleman, Sander and Zen, Heiga and Simonyan, Karen and Vinyals, Oriol and Graves, Alex and Kalchbrenner, Nal and Senior, Andrew and Kavukcuoglu, Koray},
 journal = {arXiv preprint arXiv:1609.03499},
 title = {Wavenet: A generative model for raw audio},
 year = {2016}
}

@inproceedings{popov2021grad,
 author = {Popov, Vadim and Vovk, Ivan and Gogoryan, Vladimir and Sadekova, Tasnima and Kudinov, Mikhail},
 booktitle = {Proc. of ICML},
 title = {Grad-tts: A diffusion probabilistic model for text-to-speech},
 year = {2021}
}

@inproceedings{prenger2019waveglow,
 author = {Prenger, Ryan and Valle, Rafael and Catanzaro, Bryan},
 booktitle = {Proc. of ICASSP},
 title = {Waveglow: A flow-based generative network for speech synthesis},
 year = {2019}
}

@inproceedings{protasio_ribeiro_crowdmos_2011,
 author = {Protasio Ribeiro, Flavio and Florencio, Dinei and Zhang, Cha and Seltzer, Mike},
 booktitle = {ICASSP},
 title = {{CROWDMOS}: An Approach for Crowdsourcing Mean Opinion Score Studies}
}

@inproceedings{qian2020unsupervised,
 author = {Qian, Kaizhi and Zhang, Yang and Chang, Shiyu and Hasegawa-Johnson, Mark and Cox, David},
 booktitle = {Proc. of ICML},
 title = {Unsupervised speech decomposition via triple information bottleneck},
 year = {2020}
}

@inproceedings{ren2019fastspeech,
 author = {Ren, Yi and Ruan, Yangjun and Tan, Xu and Qin, Tao and Zhao, Sheng and Zhao, Zhou and Liu, Tie-Yan},
 booktitle = {Proc. of ICONIP},
 title = {FastSpeech: fast, robust and controllable text to speech},
 year = {2019}
}

@inproceedings{ren2020fastspeech,
 author = {Ren, Yi and Hu, Chenxu and Tan, Xu and Qin, Tao and Zhao, Sheng and Zhao, Zhou and Liu, Tie-Yan},
 booktitle = {Proc. of ICLR},
 title = {FastSpeech 2: Fast and High-Quality End-to-End Text to Speech},
 year = {2020}
}

@inproceedings{ren2021portaspeech,
 author = {Ren, Yi and Liu, Jinglin and Zhao, Zhou},
 journal = {Proc. of NeurIPS},
 title = {PortaSpeech: Portable and High-Quality Generative Text-to-Speech},
 year = {2021}
}

@inproceedings{richardson2018gans,
 author = {Richardson, Eitan and Weiss, Yair},
 booktitle = {Proc. of ICONIP},
 title = {On GANs and GMMs},
 year = {2018}
}

@inproceedings{rix2001perceptual,
 author = {Rix, Antony W and Beerends, John G and Hollier, Michael P and Hekstra, Andries P},
 booktitle = {Proc. of ICASSP},
 title = {Perceptual evaluation of speech quality (PESQ)-a new method for speech quality assessment of telephone networks and codecs},
 year = {2001}
}

@inproceedings{san2021noise,
 author = {San-Roman, Robin and Nachmani, Eliya and Wolf, Lior},
 journal = {arXiv preprint arXiv:2104.02600},
 title = {Noise estimation for generative diffusion models},
 year = {2021}
}

@inproceedings{song2020denoising,
 author = {Song, Jiaming and Meng, Chenlin and Ermon, Stefano},
 booktitle = {Proc. of ICLR},
 title = {Denoising Diffusion Implicit Models},
 year = {2020}
}

@inproceedings{song2020score,
 author = {Song, Yang and Sohl-Dickstein, Jascha and Kingma, Diederik P and Kumar, Abhishek and Ermon, Stefano and Poole, Ben},
 booktitle = {Proc. of ICLR},
 title = {Score-Based Generative Modeling through Stochastic Differential Equations},
 year = {2020}
}

@inproceedings{taal2010short,
 author = {Taal, Cees H and Hendriks, Richard C and Heusdens, Richard and Jensen, Jesper},
 booktitle = {Proc. of ICASSP},
 title = {A short-time objective intelligibility measure for time-frequency weighted noisy speech},
 year = {2010}
}

@inproceedings{tachibana2018investigation,
 author = {Tachibana, Kentaro and Toda, Tomoki and Shiga, Yoshinori and Kawai, Hisashi},
 booktitle = {Proc. of ICASSP},
 title = {An investigation of noise shaping with perceptual weighting for WaveNet-based speech generation},
 year = {2018}
}

@inproceedings{vaswani2017attention,
 author = {Vaswani, Ashish and Shazeer, Noam and Parmar, Niki and Uszkoreit, Jakob and Jones, Llion and Gomez, Aidan N and Kaiser, {\L}ukasz and Polosukhin, Illia},
 booktitle = {Proc. of NeurIPS},
 title = {Attention is all you need},
 year = {2017}
}

@inproceedings{weston2021learning,
 author = {Weston, Jack and Lenain, Raphael and Meepegama, Udeepa and Fristed, Emil},
 booktitle = {Proc. of ICML},
 title = {Learning de-identified representations of prosody from raw audio},
 year = {2021}
}

@inproceedings{xiao2021tackling,
 author = {Xiao, Zhisheng and Kreis, Karsten and Vahdat, Arash},
 journal = {arXiv preprint arXiv:2112.07804},
 title = {Tackling the Generative Learning Trilemma with Denoising Diffusion GANs},
 year = {2021}
}

@inproceedings{yamagishi2019cstr,
 author = {Yamagishi, Junichi and Veaux, Christophe and MacDonald, Kirsten and others},
 journal = {University of Edinburgh. The Centre for Speech Technology Research (CSTR)},
 title = {Cstr vctk corpus: English multi-speaker corpus for cstr voice cloning toolkit (version 0.92)},
 year = {2019}
}

@inproceedings{yamamoto2020parallel,
 author = {Yamamoto, Ryuichi and Song, Eunwoo and Kim, Jae-Min},
 booktitle = {Proc. of ICASSP},
 title = {Parallel WaveGAN: A fast waveform generation model based on generative adversarial networks with multi-resolution spectrogram},
 year = {2020}
}

@inproceedings{you2021gan,
 author = {You, Jaeseong and Kim, Dalhyun and Nam, Gyuhyeon and Hwang, Geumbyeol and Chae, Gyeongsu},
 journal = {arXiv preprint arXiv:2103.05236},
 title = {GAN Vocoder: Multi-Resolution Discriminator Is All You Need},
 year = {2021}
}

@inproceedings{zeng2021lvcnet,
 author = {Zeng, Zhen and Wang, Jianzong and Cheng, Ning and Xiao, Jing},
 booktitle = {Proc. of ICASSP},
 title = {LVCNet: Efficient Condition-Dependent Modeling Network for Waveform Generation},
 year = {2021}
}

@inproceedings{liu2021diffsinger,
  title={Diffsinger: Singing voice synthesis via shallow diffusion mechanism},
  author={Liu, Jinglin and Li, Chengxi and Ren, Yi and Chen, Feiyang and Liu, Peng and Zhao, Zhou},
  journal={arXiv preprint arXiv:2105.02446},
  year={2021}
}

@inproceedings{huang2021multi,
  title={Multi-Singer: Fast Multi-Singer Singing Voice Vocoder With A Large-Scale Corpus},
  author={Huang, Rongjie and Chen, Feiyang and Ren, Yi and Liu, Jinglin and Cui, Chenye and Zhao, Zhou},
  booktitle = {Proc. of ACM MM},
  pages={3945--3954},
  year={2021}
}

@inproceedings{lam2022bddm,
  title={BDDM: Bilateral Denoising Diffusion Models for Fast and High-Quality Speech Synthesis},
  author={Lam, Max WY and Wang, Jun and Su, Dan and Yu, Dong},
  booktitle={Proc. of ICLR},
  year={2022}
}

@article{liu2022pseudo,
  title={Pseudo Numerical Methods for Diffusion Models on Manifolds},
  author={Liu, Luping and Ren, Yi and Lin, Zhijie and Zhao, Zhou},
  journal={arXiv preprint arXiv:2202.09778},
  year={2022}
}