
@article{hayes1985rule,
  title={Rule-based systems},
  author={Hayes-Roth, Frederick},
  journal={Communications of the ACM},
  volume={28},
  number={9},
  pages={921--932},
  year={1985},
  publisher={ACM New York, NY, USA}
}

@article{sato1992example,
  title={Example-based machine translation},
  author={Sato, Satoshi},
  year={1992},
  publisher={Kyoto University}
}

@article{Och:2004:CL,
author = {Och, Franz Josef and Ney, Hermann},
title = {{The alignment template approach to statistical machine translation}},
journal = {CL},
year = {2004},
volume = {30},
number = {4},
pages = {417--449}
}

@inproceedings{Chiang:2005:ACL,
author = {Chiang, David},
title = {{A hierarchical phrase-based model for statistical machine translation}},
booktitle = {ACL},
year = {2005},
}

@inproceedings{Liu:2006:ACL,
author = {Liu, Yang and Liu, Qun and Lin, Shouxun},
title = {{Tree-to-string alignment template for statistical machine translation}},
booktitle = {ACL},
year = {2006},
}

@inproceedings{Galley:2010:NAACL,
    title = "Accurate Non-Hierarchical Phrase-Based Translation",
    author = "Galley, Michel  and
      Manning, Christopher D.",
    booktitle = "NAACL",
    year = "2010",
}

@inproceedings{Sutskever:2014:NIPS,
author = {Sutskever, Ilya and Vinyals, Oriol and Le, Quoc V},
title = {{Sequence to sequence learning with neural networks}},
booktitle = {NIPS},
year = {2014},
}

@article{Hill:2017:MT,
  title={The representational geometry of word meanings acquired by neural machine translation models},
  author={Hill, Felix and Cho, Kyunghyun and Jean, S{\'e}bastien and Bengio, Yoshua},
  journal={Machine Translation},
  volume={31},
  number={1-2},
  pages={3--18},
  year={2017},
}


@inproceedings{luong2015stanford,
  title={Stanford neural machine translation systems for spoken language domains},
  author={Luong, Minh-Thang and Manning, Christopher D},
  booktitle={IWSLT},
  year={2015}
}

@inproceedings{koehn2017six,
  title={Six Challenges for Neural Machine Translation},
  author={Koehn, Philipp and Knowles, Rebecca},
  booktitle={WMT},
  year={2017}
}

@inproceedings{toral2017multifaceted,
  title={A Multifaceted Evaluation of Neural versus Phrase-Based Machine Translation for 9 Language Directions},
  author={Toral, Antonio and S{\'a}nchez-Cartagena, V{\'\i}ctor M},
  booktitle={EACL},
  year={2017}
}

@inproceedings{wu2007pivot,
  title={Pivot Language Approach for Phrase-Based Statistical Machine Translation},
  author={Wu, Hua and Wang, Haifeng},
  booktitle=ACL,
  year={2007}
}

@inproceedings{foster2010discriminative,
  title={Discriminative Instance Weighting for Domain Adaptation in Statistical Machine Translation},
  author={Foster, George and Goutte, Cyril and Kuhn, Roland},
  booktitle={EMNLP},
  year={2010}
}

@article{samek2017explainable,
  title={Explainable artificial intelligence: Understanding, visualizing and interpreting deep learning models},
  author={Samek, Wojciech and Wiegand, Thomas and M{\"u}ller, Klaus-Robert},
  journal={arXiv },
  year={2017}
}

@inproceedings{tenney2019bert,
  title={BERT Rediscovers the Classical NLP Pipeline},
  author={Tenney, Ian and Das, Dipanjan and Pavlick, Ellie},
  booktitle={ACL},
  year={2019}
}


@article{edunov2019evaluation,
  title={On The Evaluation of Machine Translation Systems Trained With Back-Translation},
  author={Edunov, Sergey and Ott, Myle and Ranzato, Marc'Aurelio and Auli, Michael},
  journal={arXiv preprint arXiv:1908.05204},
  year={2019}
}

@inproceedings{Voita:2019:ACL,
    title = "Analyzing Multi-Head Self-Attention: Specialized Heads Do the Heavy Lifting, the Rest Can Be Pruned",
    author = "Voita, Elena  and
      Talbot, David  and
      Moiseev, Fedor  and
      Sennrich, Rico  and
      Titov, Ivan",
    booktitle = "ACL",
    year = "2019",
    url = "https://www.aclweb.org/anthology/P19-1580",
}

@inproceedings{Jain:2019:NAACL,
  title={Attention is not Explanation},
  author={Sarthak Jain and Byron C. Wallace},
  booktitle={NAACL},
  year={2019},
}

@InProceedings{Rohaman:2019:ICML,
  title = 	 {On the Spectral Bias of Neural Networks},
  author = 	 {Rahaman, Nasim and Baratin, Aristide and Arpit, Devansh and Draxler, Felix and Lin, Min and Hamprecht, Fred and Bengio, Yoshua and Courville, Aaron},
  booktitle = 	 {ICML},
  year = 	 {2019},
 }

@inproceedings{Wiegreffe:2019:EMNLP,
    title = "Attention is not not Explanation",
    author = "Wiegreffe, Sarah  and
      Pinter, Yuval",
    booktitle = "EMNLP",
    year = "2019",
    url = "https://www.aclweb.org/anthology/D19-1002",
}

@inproceedings{alvarez2017causal,
  title={A causal framework for explaining the predictions of black-box sequence-to-sequence models},
  author={Alvarez-Melis, David and Jaakkola, Tommi},
  booktitle={EMNLP},
  year={2017}
}

@inproceedings{He:2019:EMNLP,
    title = "Towards Understanding Neural Machine Translation with Word Importance",
    author = "He, Shilin  and
      Tu, Zhaopeng  and
      Wang, Xing  and
      Wang, Longyue  and
      Lyu, Michael  and
      Shi, Shuming",
    booktitle = "EMNLP",
    year = "2019",
    url = "https://www.aclweb.org/anthology/D19-1088",
}


@inproceedings{Cheng:2018:ACL,
  title={Towards Robust Neural Machine Translation},
  author={Yong Cheng and Zhaopeng Tu and Fandong Meng and Junjie Zhai and Yang Liu},
  booktitle = {ACL},
  year = 2018,
}

@inproceedings{Dou:2018:EMNLP,
  title={Exploiting Deep Representations for Neural Machine Translation},
  author={Zi-Yi Dou and Zhaopeng Tu and Xing Wang and Shuming Shi and Tong Zhang},
  booktitle = {EMNLP},
  year = 2018,
}

@inproceedings{Dou:2019:AAAI,
  title={Dynamic Layer Aggregation for Neural Machine Translation},
  author={Ziyi Dou and Zhaopeng Tu and Xing Wang and Longyue Wang and Shuming Shi and Tong Zhang},
  booktitle = {AAAI},
  year = 2019,
}

@inproceedings{Yang:2018:EMNLP,
  title={Modeling Localness for Self-Attention Networks},
  author={Baosong Yang and Zhaopeng Tu and Derek F. Wong and Fandong Meng and Lidia S. Chao and Tong Zhang},
  booktitle = {EMNLP},
  year = 2018,
}

@inproceedings{Yang:2019:AAAI,
  title={Context-Aware Self-Attention Networks},
  author={Baosong Yang and Jian Li and Derek F. Wong and Lidia S. Chao and Xing Wang and Zhaopeng Tu},
  booktitle = {AAAI},
  year = 2019,
}

@inproceedings{Yang:2019:NAACL,
  title={Convolutional Self-Attention Networks},
  author={Baosong Yang and Longyue Wang and Derek F. Wong and Lidia S. Chao and Zhaopeng Tu},
  booktitle = {NAACL},
  year = 2019,
}

@inproceedings{Yang:2019:ACL,
  title={Convolutional Self-Attention Networks},
  author={Baosong Yang and Longyue Wang and Derek F. Wong and Lidia S. Chao and Zhaopeng Tu},
  booktitle = {ACL},
  year = 2019,
}


@inproceedings{Li:2018:EMNLP,
  title={Multi-Head Attention with Disagreement Regularization},
  author={Jian Li and Zhaopeng Tu and Baosong Yang and Michael R. Lyu and Tong Zhang},
  booktitle = {EMNLP},
  year = 2018,
}

@inproceedings{Li:2019:NAACL,
  title={Information Aggregation for Multi-Head Attention with Routing-by-Agreement},
  author={Jian Li and Baosong Yang and Zi-Yi Dou and Xing Wang and Michael R. Lyu and Zhaopeng Tu},
  booktitle = {NAACL},
  year = 2019,
}

@inproceedings{Hao:2019:NAACL,
title = {Modeling Recurrence for Transformer},
author = {Hao, Jie and Wang, Xing and Yang, Baosong and Wang, Longyue and Zhang, Jinfeng and Tu, Zhaopeng},
booktitle = {NAACL},
year = {2019},
}

@inproceedings{Wang:2019:ACL,
title = {Exploiting Sentential Context for Neural Machine Translation},
author = {Xing Wang and Zhaopeng Tu and Longyue Wang and Shuming Shi},
booktitle = {ACL},
year = {2019},
}



@inproceedings{kocmi2017curriculum,
  title={Curriculum Learning and Minibatch Bucketing in Neural Machine Translation},
  author={Kocmi, Tom and Bojar, Ond{\v{r}}ej},
  booktitle={RANLP},
  year={2017}
}

@article{koehn2009process,
  title={A process study of computer-aided translation},
  author={Koehn, Philipp},
  journal={Machine Translation},
  volume={23},
  number={4},
  pages={241--263},
  year={2009},
  publisher={Springer}
}

@inproceedings{niehues2012detailed,
  title={Detailed analysis of different strategies for phrase table adaptation in SMT},
  author={Niehues, Jan and Waibel, Alex},
  booktitle={AMTA},
  year={2012}
}

@inproceedings{costa:2006:emnlp,
  title={Statistical Machine Reordering},
  author={Costa-juss{\`a}, Marta R and Fonollosa, Jos{\'e} AR},
  booktitle={EMNLP},
  year={2006}
}

@inproceedings{bengio2009curriculum,
  title={Curriculum learning},
  author={Bengio, Yoshua and Louradour, J{\'e}r{\^o}me and Collobert, Ronan and Weston, Jason},
  booktitle={ICML},
  year={2009}
}

@inproceedings{platanios2019competence,
  title={Competence-based Curriculum Learning for Neural Machine Translation},
  author={Platanios, Emmanouil Antonios and Stretcu, Otilia and Neubig, Graham and Poczos, Barnabas and Mitchell, Tom},
  booktitle={NAACL},
  year={2019}
}

@inproceedings{specia:2010:translating,
  title={Translating from complex to simplified sentences},
  author={Specia, Lucia},
  booktitle={International Conference on Computational Processing of the Portuguese Language},
  year={2010}
}

@inproceedings{neubig:2015:wat,
  title={Neural reranking improves subjective quality of machine translation: NAIST at WAT2015},
  author={Neubig, Graham and Morishita, Makoto and Nakamura, Satoshi},
  booktitle={WAT},
  year={2015}
}

@inproceedings{zens:2012:emnlp,
  title={A systematic comparison of phrase table pruning techniques},
  author={Zens, Richard and Stanton, Daisy and Xu, Peng},
  booktitle={EMNLP},
  year={2012}
}

@inproceedings{dyer:2013:naacl,
  title={A Simple, Fast, and Effective Reparameterization of IBM Model 2},
  author={Dyer, Chris and Chahuneau, Victor and Smith, Noah A},
  booktitle={NAACL},
  year={2013}
}



@inproceedings{papineni2002bleu,
  title={BLEU: a method for automatic evaluation of machine translation},
  author={Papineni, Kishore and Roukos, Salim and Ward, Todd and Zhu, Wei-Jing},
  booktitle={ACL},
  year={2002}
}

@inproceedings{Heafield:2011:workshop,
  author = {Kenneth Heafield},
  title = {{KenLM:} Faster and Smaller Language Model Queries},
  year = {2011},
  booktitle = {EMNLP 2011 Sixth Workshop on Statistical Machine Translation},
}


@inproceedings{sennrich:2016:acl,
  title={Neural machine translation of rare words with subword units},
  author={Sennrich, Rico and Haddow, Barry and Birch, Alexandra},
  booktitle={ACL},
  year={2016}
}

@inproceedings{koehn2005edinburgh,
  title={Edinburgh system description for the 2005 IWSLT speech translation evaluation},
  author={Koehn, Philipp and Axelrod, Amittai and Mayne, Alexandra Birch and Callison-Burch, Chris and Osborne, Miles and Talbot, David},
  booktitle={IWSLT},
  year={2005}
}

@inproceedings{tillmann:2004:naacl,
  title={A unigram orientation model for statistical machine translation},
  author={Tillmann, Christoph},
  booktitle={HLT-NAACL},
  year={2004}
}

@inproceedings{arthur:2016:emnlp,
  title={Incorporating Discrete Translation Lexicons into Neural Machine Translation},
  author={Arthur, Philip and Neubig, Graham and Nakamura, Satoshi},
  booktitle={EMNLP}
}

@inproceedings{wang:2017:aaai,
  title={Neural machine translation advised by statistical machine translation},
  author={Wang, Xing and Lu, Zhengdong and Tu, Zhaopeng and Li, Hang and Xiong, Deyi and Zhang, Min},
  booktitle={AAAI},
  year={2017}
}

@ARTICLE{Wang:2018:TASLP,
author={Xing {Wang} and Zhaopeng {Tu} and Min {Zhang}},  journal={IEEE/ACM Transactions on Audio, Speech, and Language Processing},  
title={Incorporating Statistical Machine Translation Word Knowledge Into Neural Machine Translation},   
year={2018},  
volume={26},  
number={12},  
pages={2255-2266}
}

@InProceedings{zhao:2018:ijcai,
  title={Phrase Table as Recommendation Memory for Neural Machine Translation},
  author={Zhao, Yang and Wang, Yining and Zhang, Jiajun and Zong, Chengqing},
  booktitle = {IJCAI},
  year={2018}
}

@inproceedings{zhang:2018:naacl,
  title={Guiding Neural Machine Translation with Retrieved Translation Pieces},
  author={Zhang, Jingyi and Utiyama, Masao and Sumita, Eiichro and Neubig, Graham and Nakamura, Satoshi},
  booktitle={NAACL},
  year={2018}
}

@inproceedings{gu:2018:aaai,
  title={Search engine guided neural machine translation},
  author={Gu, Jiatao and Wang, Yong and Cho, Kyunghyun and Li, Victor OK},
  booktitle={AAAI},
  year={2018}
}


@inproceedings{Bahdanau:2015:ICLR,
  title={Neural machine translation by jointly learning to align and translate},
  author={Bahdanau, Dzmitry and Cho, Kyunghyun and Bengio, Yoshua},
  booktitle={ICLR},
  year={2015}
}

@InProceedings{gehring17:icml:2017,
  title = 	 {Convolutional Sequence to Sequence Learning},
  author = 	 {Jonas Gehring and Michael Auli and David Grangier and Denis Yarats and Yann N. Dauphin},
  booktitle = 	 {ICML},
  year = 	 {2017}
}

@article{ott:2019:naacl,
  title={FAIRSEQ: A Fast, Extensible Toolkit for Sequence Modeling},
  author={Ott, Myle and Edunov, Sergey and Baevski, Alexei and Fan, Angela and Gross, Sam and Ng, Nathan and Grangier, David and Auli, Michael},
  journal={NAACL},
  year={2019}
}

@inproceedings{dalvi:2019:aaai,
  title={What is one grain of sand in the desert? analyzing individual neurons in deep nlp models},
  author={Dalvi, Fahim and Durrani, Nadir and Sajjad, Hassan and Belinkov, Yonatan and Bau, D Anthony and Glass, James},
   booktitle = {AAAI},
  year={2019}
}


@article{toneva:2018:empirical,
  title={An empirical study of example forgetting during deep neural network learning},
  author={Toneva, Mariya and Sordoni, Alessandro and Combes, Remi Tachet des and Trischler, Adam and Bengio, Yoshua and Gordon, Geoffrey J},
   booktitle = {ICLR},
  year={2019}
}


@article{kirkpatrick:2017:overcoming,
  title={Overcoming catastrophic forgetting in neural networks},
  author={Kirkpatrick, James and Pascanu, Razvan and Rabinowitz, Neil and Veness, Joel and Desjardins, Guillaume and Rusu, Andrei A and Milan, Kieran and Quan, John and Ramalho, Tiago and Grabska-Barwinska, Agnieszka and others},
  journal={Proceedings of the national academy of sciences},
  year={2017}
}

@inproceedings{shi:2016:EMNLP,
    title = "Does String-Based Neural {MT} Learn Source Syntax?",
    author = "Shi, Xing  and
      Padhi, Inkit  and
      Knight, Kevin",
    booktitle = "EMNLP",
    year = "2016"
}

@inproceedings{belinkov:2017:ACL,
  title={What do Neural Machine Translation Models Learn about Morphology?},
  author={Belinkov, Yonatan and Durrani, Nadir and Dalvi, Fahim and Sajjad, Hassan and Glass, James},
  booktitle={ACL},
  year={2017}
}

@inproceedings{raganato:2018:EMNLP,
  title={An analysis of encoder representations in transformer-based machine translation},
  author={Raganato, Alessandro and Tiedemann, J{\"o}rg},
  booktitle={EMNLP Workshop BlackboxNLP: Analyzing and Interpreting Neural Networks for NLP},
  year={2018}
}


@inproceedings{koehn:2017:six,
  title={Six Challenges for Neural Machine Translation},
  author={Koehn, Philipp and Knowles, Rebecca},
  booktitle={First Workshop on Neural Machine Translation},
  year={2017}
}


@inproceedings{raganato2018analysis,
  title={{An Analysis of Encoder Representations in Transformer-Based Machine Translation}},
  author={Raganato, Alessandro and Tiedemann, J{\"o}rg},
  booktitle={EMNLP BlackboxNLP Workshop},
  year={2018}
}


@inproceedings{Bau:2019:ICLR,
title={Identifying and Controlling Important Neurons in Neural Machine Translation},
author={Anthony Bau and Yonatan Belinkov and Hassan Sajjad and Nadir Durrani and Fahim Dalvi and James Glass},
booktitle={ICLR},
year={2019},
}


@inproceedings{voita:2019:EMNLP,
  title={The Bottom-up Evolution of Representations in the Transformer: A Study with Machine Translation and Language Modeling Objectives},
  author={Voita, Elena and Sennrich, Rico and Titov, Ivan},
  booktitle={EMNLP},
  year={2019}
}

@article{brown1990statistical,
  title={A statistical approach to machine translation},
  author={Brown, Peter F and Cocke, John and Della Pietra, Stephen A and Della Pietra, Vincent J and Jelinek, Frederik and Lafferty, John D and Mercer, Robert L and Roossin, Paul S},
  journal={Computational linguistics},
  year={1990}
}

@article{brown:1993:CL,
  title={The mathematics of statistical machine translation: Parameter estimation},
  author={Brown, Peter F and Pietra, Vincent J Della and Pietra, Stephen A Della and Mercer, Robert L},
  journal={Computational linguistics},
  year={1993}
}

@inproceedings{koehn:2003:NAACL,
  title={Statistical phrase-based translation},
  author={Koehn, Philipp and Och, Franz Josef and Marcu, Daniel},
  booktitle={NAACL},
  year={2003}
}

@inproceedings{Vaswani:2017:NIPS,
  title={{Attention is All You Need}},
  author={Vaswani, Ashish and Shazeer, Noam and Parmar, Niki and Uszkoreit, Jakob and Jones, Llion and Gomez, Aidan N and Kaiser, {\L}ukasz and Polosukhin, Illia},
  booktitle={NIPS},
  year={2017}
}

@article{hassan:2018:arvix,
  title={Achieving human parity on automatic chinese to english news translation},
  author={Hassan, Hany and Aue, Anthony and Chen, Chang and Chowdhary, Vishal and Clark, Jonathan and Federmann, Christian and Huang, Xuedong and Junczys-Dowmunt, Marcin and Lewis, William and Li, Mu and others},
  journal={arXiv},
  year={2018}
}

@book{koehn2009statistical,
  title={Statistical machine translation},
  author={Koehn, Philipp},
  year={2009},
  publisher={Cambridge University Press}
}

@inproceedings{koehn2007moses,
  title={Moses: Open source toolkit for statistical machine translation},
  author={Koehn, Philipp and Hoang, Hieu and Birch, Alexandra and Callison-Burch, Chris and Federico, Marcello and Bertoldi, Nicola and Cowan, Brooke and Shen, Wade and Moran, Christine and Zens, Richard and others},
  booktitle={ACL},
  year={2007}
}

@inproceedings{johnson2007improving,
  title={Improving translation quality by discarding most of the phrasetable},
  author={Johnson, Howard and Martin, Joel and Foster, George and Kuhn, Roland},
  booktitle={EMNLP},
  year={2007}
}

@article{lu2010automatic,
  title={Automatic analysis of syntactic complexity in second language writing},
  author={Lu, Xiaofei},
  journal={International journal of corpus linguistics},
  year={2010},
  publisher={John Benjamins}
}

@inproceedings{tenney2019you,
  title={What do you learn from context? probing for sentence structure in contextualized word representations},
  author={Tenney, Ian and Xia, Patrick and Chen, Berlin and Wang, Alex and Poliak, Adam and McCoy, R Thomas and Kim, Najoung and Van Durme, Benjamin and Bowman, Samuel R and Das, Dipanjan and others},
  journal={ICLR},
  year={2019}
}

@inproceedings{hewitt2019designing,
  title={Designing and Interpreting Probes with Control Tasks},
  author={Hewitt, John and Liang, Percy},
  booktitle={EMNLP},
  year={2019}
}

@inproceedings{ding2017visualizing,
  title={Visualizing and understanding neural machine translation},
  author={Ding, Yanzhuo and Liu, Yang and Luan, Huanbo and Sun, Maosong},
  booktitle={ACL},
  year={2017}
}

@inproceedings{you2020drawing,
  title={Drawing Early-Bird Tickets: Toward More Efficient Training of Deep Networks},
  author={You, Haoran and Li, Chaojian and Xu, Pengfei and Fu, Yonggan and Wang, Yue and Chen, Xiaohan and Lin, Yingyan and Wang, Zhangyang and Baraniuk, Richard G},
  booktitle={ICLR},
  year={2020}
}


@inproceedings{lample2018phrase,
  title={Phrase-based \& neural unsupervised machine translation},
  author={Lample, Guillaume and Ott, Myle and Conneau, Alexis and Denoyer, Ludovic and Ranzato, Marc'Aurelio},
  booktitle={EMNLP},
  year={2018}
}

@inproceedings{zhang2018prior,
  title={Prior knowledge integration for neural machine translation using posterior regularization},
  author={Zhang, Jiacheng and Liu, Yang and Luan, Huanbo and Xu, Jingfang and Sun, Maosong},
  booktitle={ACL},
  year={2017}
}

@inproceedings{zhao2018phrase,
  title={Phrase table as recommendation memory for neural machine translation},
  author={Zhao, Yang and Wang, Yining and Zhang, Jiajun and Zong, Chengqing},
  booktitle={IJCAI},
  year={2018}
}

@inproceedings{durrani2014edinburgh,
  title={Edinburgh’s phrase-based machine translation systems for WMT-14},
  author={Durrani, Nadir and Haddow, Barry and Koehn, Philipp and Heafield, Kenneth},
  booktitle={WMT},
  year={2014}
}

@article{tang2016neural,
  title={Neural machine translation with external phrase memory},
  author={Tang, Yaohua and Meng, Fandong and Lu, Zhengdong and Li, Hang and Yu, Philip LH},
  journal={arXiv preprint arXiv:1606.01792},
  year={2016}
}

@inproceedings{guo2019non,
  title={Non-autoregressive neural machine translation with enhanced decoder input},
  author={Guo, Junliang and Tan, Xu and He, Di and Qin, Tao and Xu, Linli and Liu, Tie-Yan},
  booktitle={AAAI},
  year={2019}
}

@inproceedings{Tu_2016,
   title={Modeling Coverage for Neural Machine Translation},
   booktitle={ACL},
   author={Tu, Zhaopeng and Lu, Zhengdong and Liu, Yang and Liu, Xiaohua and Li, Hang},
   year={2016}
}


@article{kirkpatrick2017overcoming,
  title={Overcoming catastrophic forgetting in neural networks},
  author={Kirkpatrick, James and Pascanu, Razvan and Rabinowitz, Neil and Veness, Joel and Desjardins, Guillaume and Rusu, Andrei A and Milan, Kieran and Quan, John and Ramalho, Tiago and Grabska-Barwinska, Agnieszka and others},
  journal={Proceedings of the national academy of sciences},
  year={2017},
}


@inproceedings{zhang2016exploiting,
  title={Exploiting Source-side Monolingual Data in Neural Machine Translation},
  author={Zhang, Jiajun and Zong, Chengqing},
  booktitle={EMNLP},
  year={2016}
}

@inproceedings{he2019revisiting,
  title={Revisiting self-training for neural sequence generation},
  author={He, Junxian and Gu, Jiatao and Shen, Jiajun and Ranzato, Marc'Aurelio},
  booktitle={ICLR},
  year={2020}
}