@article{huang2020dp,
  title={DP-FL: a novel differentially private federated learning framework for the unbalanced data},
  author={Huang, Xixi and Ding, Ye and Jiang, Zoe L and Qi, Shuhan and Wang, Xuan and Liao, Qing},
  journal={World Wide Web},
  volume={23},
  number={4},
  pages={2529--2545},
  year={2020},
  publisher={Springer}
}

@inproceedings{mou2021optimized,
  title={Optimized Federated Learning on Class-Biased Distributed Data Sources},
  author={Mou, Yongli and Geng, Jiahui and Welten, Sascha and Rong, Chunming and Decker, Stefan and Beyan, Oya},
  booktitle={Joint European Conference on Machine Learning and Knowledge Discovery in Databases},
  pages={146--158},
  year={2021},
  organization={Springer}
}

@article{zhu2021federated,
  title={Federated learning on non-IID data: A survey},
  author={Zhu, Hangyu and Xu, Jinjin and Liu, Shiqing and Jin, Yaochu},
  journal={Neurocomputing},
  volume={465},
  pages={371--390},
  year={2021},
  publisher={Elsevier}
}

@inproceedings{duan2019astraea,
  title={Astraea: Self-balancing federated learning for improving classification accuracy of mobile deep learning applications},
  author={Duan, Moming and Liu, Duo and Chen, Xianzhang and Tan, Yujuan and Ren, Jinting and Qiao, Lei and Liang, Liang},
  booktitle={2019 IEEE 37th international conference on computer design (ICCD)},
  pages={246--254},
  year={2019},
  organization={IEEE}
}

@inproceedings{li2021fedrs,
  title={FedRS: Federated Learning with Restricted Softmax for Label Distribution Non-IID Data},
  author={Li, Xin-Chun and Zhan, De-Chuan},
  booktitle={Proceedings of the 27th ACM SIGKDD Conference on Knowledge Discovery \& Data Mining},
  pages={995--1005},
  year={2021}
}

@inproceedings{xiao2021experimental,
  title={An Experimental Study of Class Imbalance in Federated Learning},
  author={Xiao, Chenguang and Wang, Shuo},
  booktitle={2021 IEEE Symposium Series on Computational Intelligence (SSCI)},
  pages={1--7},
  year={2021},
  organization={IEEE}
}

@inproceedings{ran2021dynamic,
  title={Dynamic Margin for Federated Learning with Imbalanced Data},
  author={Ran, Xinyu and Ge, Liang and Zhong, Linlin},
  booktitle={2021 International Joint Conference on Neural Networks (IJCNN)},
  pages={1--8},
  year={2021},
  organization={IEEE}
}

@article{sarkar2020fed,
  title={Fed-focal loss for imbalanced data classification in federated learning},
  author={Sarkar, Dipankar and Narang, Ankur and Rai, Sumit},
  journal={arXiv preprint arXiv:2011.06283},
  year={2020}
}

@inproceedings{dust2021federated,
  title={Federated Fuzzy Learning with Imbalanced Data},
  author={Dust, Lukas Johannes and Murcia, Marina L{\'o}pez and M{\"a}kil{\"a}, Andreas and Nordin, Petter and Xiong, Ning and Herrera, Francisco},
  booktitle={2021 20th IEEE International Conference on Machine Learning and Applications (ICMLA)},
  pages={1130--1137},
  year={2021},
  organization={IEEE}
}

@inproceedings{li2021sample,
  title={Sample-level Data Selection for Federated Learning},
  author={Li, Anran and Zhang, Lan and Tan, Juntao and Qin, Yaxuan and Wang, Junhao and Li, Xiang-Yang},
  booktitle={IEEE INFOCOM 2021-IEEE Conference on Computer Communications},
  pages={1--10},
  year={2021},
  organization={IEEE}
}

@inproceedings{chou2022grp,
  title={GRP-FED: Addressing Client Imbalance in Federated Learning via Global-Regularized Personalization},
  author={Chou, Yen-Hsiu and Hong, Shenda and Sun, Chenxi and Cai, Derun and Song, Moxian and Li, Hongyan},
  booktitle={Proceedings of the 2022 SIAM International Conference on Data Mining (SDM)},
  pages={451--458},
  year={2022},
  organization={SIAM}
}

@article{nguyen2020efficient,
  title={Efficient federated learning algorithm for resource allocation in wireless iot networks},
  author={Nguyen, Van-Dinh and Sharma, Shree Krishna and Vu, Thang X and Chatzinotas, Symeon and Ottersten, Bj{\"o}rn},
  journal={IEEE Internet of Things Journal},
  volume={8},
  number={5},
  pages={3394--3409},
  year={2020},
  publisher={IEEE}
}

@article{zhang2021survey,
  title={A survey on federated learning},
  author={Zhang, Chen and Xie, Yu and Bai, Hang and Yu, Bin and Li, Weihong and Gao, Yuan},
  journal={Knowledge-Based Systems},
  volume={216},
  pages={106775},
  year={2021},
  publisher={Elsevier}
}

@inproceedings{shingi2020federated,
  title={A federated learning based approach for loan defaults prediction},
  author={Shingi, Geet},
  booktitle={2020 International Conference on Data Mining Workshops (ICDMW)},
  pages={362--368},
  year={2020},
  organization={IEEE}
}

@article{feki2021federated,
  title={Federated learning for COVID-19 screening from Chest X-ray images},
  author={Feki, Ines and Ammar, Sourour and Kessentini, Yousri and Muhammad, Khan},
  journal={Applied Soft Computing},
  volume={106},
  pages={107330},
  year={2021},
  publisher={Elsevier}
}

@article{weinger2022enhancing,
  title={Enhancing IoT anomaly detection performance for federated learning},
  author={Weinger, Brett and Kim, Jinoh and Sim, Alex and Nakashima, Makiya and Moustafa, Nour and Wu, K John},
  journal={Digital Communications and Networks},
  year={2022},
  publisher={Elsevier}
}

@article{hahn2019privacy,
  title={Privacy-preserving federated bayesian learning of a generative model for imbalanced classification of clinical data},
  author={Hahn, Seok-Ju and Lee, Junghye},
  journal={arXiv preprint arXiv:1910.08489},
  year={2019}
}

@inproceedings{wang2020optimize,
  title={Optimize scheduling of federated learning on battery-powered mobile devices},
  author={Wang, Cong and Wei, Xin and Zhou, Pengzhan},
  booktitle={2020 IEEE International Parallel and Distributed Processing Symposium (IPDPS)},
  pages={212--221},
  year={2020},
  organization={IEEE}
}

@article{green2021federated,
  title={Federated Learning With Highly Imbalanced Audio Data},
  author={Green, Marc C and Plumbley, Mark D},
  journal={arXiv preprint arXiv:2105.08550},
  year={2021}
}

@inproceedings{yu2020learning,
  title={Learning context-aware policies from multiple smart homes via federated multi-task learning},
  author={Yu, Tianlong and Li, Tian and Sun, Yuqiong and Nanda, Susanta and Smith, Virginia and Sekar, Vyas and Seshan, Srinivasan},
  booktitle={2020 IEEE/ACM Fifth International Conference on Internet-of-Things Design and Implementation (IoTDI)},
  pages={104--115},
  year={2020},
  organization={IEEE}
}

@article{mhaisen2021optimal,
  title={Optimal user-edge assignment in hierarchical federated learning based on statistical properties and network topology constraints},
  author={Mhaisen, Naram and Abdellatif, Alaa Awad and Mohamed, Amr and Erbad, Aiman and Guizani, Mohsen},
  journal={IEEE Transactions on Network Science and Engineering},
  volume={9},
  number={1},
  pages={55--66},
  year={2021},
  publisher={IEEE}
}

@inproceedings{zhao2020cluster,
  title={A Cluster-based Solution to Achieve Fairness in Federated Learning},
  author={Zhao, Fengpan and Huang, Yan and Sai, Akshita Maradapu Vera Venkata and Wu, Yubao},
  booktitle={2020 IEEE Intl Conf on Parallel \& Distributed Processing with Applications, Big Data \& Cloud Computing, Sustainable Computing \& Communications, Social Computing \& Networking (ISPA/BDCloud/SocialCom/SustainCom)},
  pages={875--882},
  year={2020},
  organization={IEEE}
}

@inproceedings{wang2021adaptive,
  title={Adaptive clustering-based model aggregation for federated learning with imbalanced data},
  author={Wang, Dong and Zhang, Naifu and Tao, Meixia},
  booktitle={2021 IEEE 22nd International Workshop on Signal Processing Advances in Wireless Communications (SPAWC)},
  pages={591--595},
  year={2021},
  organization={IEEE}
}

@inproceedings{fu2021cic,
  title={CIC-FL: Enabling Class Imbalance-Aware Clustered Federated Learning over Shifted Distributions},
  author={Fu, Yanan and Liu, Xuefeng and Tang, Shaojie and Niu, Jianwei and Huang, Zhangmin},
  booktitle={International Conference on Database Systems for Advanced Applications},
  pages={37--52},
  year={2021},
  organization={Springer}
}

@inproceedings{hao2021towards,
  title={Towards fair federated learning with zero-shot data augmentation},
  author={Hao, Weituo and El-Khamy, Mostafa and Lee, Jungwon and Zhang, Jianyi and Liang, Kevin J and Chen, Changyou and Duke, Lawrence Carin},
  booktitle={Proceedings of the IEEE/CVF Conference on Computer Vision and Pattern Recognition},
  pages={3310--3319},
  year={2021}
}

@inproceedings{wang2021addressing,
  title={Addressing class imbalance in federated learning},
  author={Wang, Lixu and Xu, Shichao and Wang, Xiao and Zhu, Qi},
  booktitle={Proceedings of the AAAI Conference on Artificial Intelligence},
  volume={35},
  number={11},
  pages={10165--10173},
  year={2021}
}

@inproceedings{yang2021federated,
  title={Federated learning with class imbalance reduction},
  author={Yang, Miao and Wang, Ximin and Zhu, Hongbin and Wang, Haifeng and Qian, Hua},
  booktitle={2021 29th European Signal Processing Conference (EUSIPCO)},
  pages={2174--2178},
  year={2021},
  organization={IEEE}
}


@inproceedings{chen2021novel,
  title={A Novel Client Sampling Scheme for Unbalanced Data Distribution Under Federated Learning},
  author={Chen, Bo and Zheng, Xiaoying and Zhu, Yongxin and Qiu, Meikang},
  booktitle={International Conference on Smart Computing and Communication},
  pages={438--449},
  year={2021},
  organization={Springer}
}

@inproceedings{zhang2021fedsens,
  title={Fedsens: A federated learning approach for smart health sensing with class imbalance in resource constrained edge computing},
  author={Zhang, Daniel Yue and Kou, Ziyi and Wang, Dong},
  booktitle={IEEE INFOCOM 2021-IEEE Conference on Computer Communications},
  pages={1--10},
  year={2021},
  organization={IEEE}
}

@inproceedings{tijani2021federated,
  title={Federated Learning with Extreme Label Skew: A Data Extension Approach},
  author={Tijani, Saheed A and Ma, Xingjun and Zhang, Ran and Jiang, Frank and Doss, Robin},
  booktitle={2021 International Joint Conference on Neural Networks (IJCNN)},
  pages={1--8},
  year={2021},
  organization={IEEE}
}

@article{mrad2021federated,
  title={Federated Learning for UAV Swarms Under Class Imbalance and Power Consumption Constraints},
  author={Mrad, Ilyes and Samara, Lutfi and Abdellatif, Alaa Awad and Al-Abbasi, Abubakr and Hamila, Ridha and Erbad, Aiman},
  journal={arXiv preprint arXiv:2108.10748},
  year={2021}
}

@inproceedings{wang2020optimizing,
  title={Optimizing federated learning on non-iid data with reinforcement learning},
  author={Wang, Hao and Kaplan, Zakhary and Niu, Di and Li, Baochun},
  booktitle={IEEE INFOCOM 2020-IEEE Conference on Computer Communications},
  pages={1698--1707},
  year={2020},
  organization={IEEE}
}

@inproceedings{wang2016training,
  title={Training deep neural networks on imbalanced data sets},
  author={Wang, Shoujin and Liu, Wei and Wu, Jia and Cao, Longbing and Meng, Qinxue and Kennedy, Paul J},
  booktitle={2016 international joint conference on neural networks (IJCNN)},
  pages={4368--4374},
  year={2016},
  organization={IEEE}
}

@article{wang2021federated,
  title={Federated learning for automatic modulation classification under class imbalance and varying noise condition},
  author={Wang, Yu and Gui, Guan and Gacanin, Haris and Adebisi, Bamidele and Sari, Hikmet and Adachi, Fumiyuki},
  journal={IEEE Transactions on Cognitive Communications and Networking},
  year={2021},
  publisher={IEEE}
}

@article{khan2017cost,
  title={Cost-sensitive learning of deep feature representations from imbalanced data},
  author={Khan, Salman H and Hayat, Munawar and Bennamoun, Mohammed and Sohel, Ferdous A and Togneri, Roberto},
  journal={IEEE transactions on neural networks and learning systems},
  volume={29},
  number={8},
  pages={3573--3587},
  year={2017},
  publisher={IEEE}
}

@article{wang2018predicting,
  title={Predicting hospital readmission via cost-sensitive deep learning},
  author={Wang, Haishuai and Cui, Zhicheng and Chen, Yixin and Avidan, Michael and Abdallah, Arbi Ben and Kronzer, Alexander},
  journal={IEEE/ACM transactions on computational biology and bioinformatics},
  volume={15},
  number={6},
  pages={1968--1978},
  year={2018},
  publisher={IEEE}
}

@article{geng2022bearing,
  title={Bearing fault diagnosis based on improved federated learning algorithm},
  author={Geng, DaoQu and He, HanWen and Lan, XingChuan and Liu, Chang},
  journal={Computing},
  volume={104},
  number={1},
  pages={1--19},
  year={2022},
  publisher={Springer}
}

@article{kairouz2021advances,
  title={Advances and open problems in federated learning},
  author={Kairouz, Peter and McMahan, H Brendan and Avent, Brendan and Bellet, Aur{\'e}lien and Bennis, Mehdi and Bhagoji, Arjun Nitin and Bonawitz, Kallista and Charles, Zachary and Cormode, Graham and Cummings, Rachel and others},
  journal={Foundations and Trends{\textregistered} in Machine Learning},
  volume={14},
  number={1--2},
  pages={1--210},
  year={2021},
  publisher={Now Publishers, Inc.}
}

@article{hua2020blockchain,
  title={Blockchain-based federated learning for intelligent control in heavy haul railway},
  author={Hua, Gaofeng and Zhu, LI and Wu, Jinsong and Shen, Chunzi and Zhou, Linyan and Lin, Qingqing},
  journal={IEEE Access},
  volume={8},
  pages={176830--176839},
  year={2020},
  publisher={IEEE}
}

@inproceedings{giorgas2020online,
  title={Online federated learning with imbalanced class distribution},
  author={Giorgas, Konstantinos and Varlamis, Iraklis},
  booktitle={24th Pan-Hellenic Conference on Informatics},
  pages={91--95},
  year={2020}
}

@article{kaur2019systematic,
  title={A systematic review on imbalanced data challenges in machine learning: Applications and solutions},
  author={Kaur, Harsurinder and Pannu, Husanbir Singh and Malhi, Avleen Kaur},
  journal={ACM Computing Surveys (CSUR)},
  volume={52},
  number={4},
  pages={1--36},
  year={2019},
  publisher={ACM New York, NY, USA}
}

@article{huang2019patient,
  title={Patient clustering improves efficiency of federated machine learning to predict mortality and hospital stay time using distributed electronic medical records},
  author={Huang, Li and Shea, Andrew L and Qian, Huining and Masurkar, Aditya and Deng, Hao and Liu, Dianbo},
  journal={Journal of biomedical informatics},
  volume={99},
  pages={103291},
  year={2019},
  publisher={Elsevier}
}

@article{ghosh2020efficient,
  title={An efficient framework for clustered federated learning},
  author={Ghosh, Avishek and Chung, Jichan and Yin, Dong and Ramchandran, Kannan},
  journal={Advances in Neural Information Processing Systems},
  volume={33},
  pages={19586--19597},
  year={2020}
}

@article{sattler2020clustered,
  title={Clustered federated learning: Model-agnostic distributed multitask optimization under privacy constraints},
  author={Sattler, Felix and M{\"u}ller, Klaus-Robert and Samek, Wojciech},
  journal={IEEE transactions on neural networks and learning systems},
  volume={32},
  number={8},
  pages={3710--3722},
  year={2020},
  publisher={IEEE}
}

@inproceedings{briggs2020federated,
  title={Federated learning with hierarchical clustering of local updates to improve training on non-IID data},
  author={Briggs, Christopher and Fan, Zhong and Andras, Peter},
  booktitle={2020 International Joint Conference on Neural Networks (IJCNN)},
  pages={1--9},
  year={2020},
  organization={IEEE}
}

@article{ghosh2019robust,
  title={Robust federated learning in a heterogeneous environment},
  author={Ghosh, Avishek and Hong, Justin and Yin, Dong and Ramchandran, Kannan},
  journal={arXiv preprint arXiv:1906.06629},
  year={2019}
}

@article{mansour2020three,
  title={Three approaches for personalization with applications to federated learning},
  author={Mansour, Yishay and Mohri, Mehryar and Ro, Jae and Suresh, Ananda Theertha},
  journal={arXiv preprint arXiv:2002.10619},
  year={2020}
}

@article{yin2021comprehensive,
  title={A comprehensive survey of privacy-preserving federated learning: A taxonomy, review, and future directions},
  author={Yin, Xuefei and Zhu, Yanming and Hu, Jiankun},
  journal={ACM Computing Surveys (CSUR)},
  volume={54},
  number={6},
  pages={1--36},
  year={2021},
  publisher={ACM New York, NY, USA}
}

@article{mothukuri2021survey,
  title={A survey on security and privacy of federated learning},
  author={Mothukuri, Viraaji and Parizi, Reza M and Pouriyeh, Seyedamin and Huang, Yan and Dehghantanha, Ali and Srivastava, Gautam},
  journal={Future Generation Computer Systems},
  volume={115},
  pages={619--640},
  year={2021},
  publisher={Elsevier}
}

@article{tarekegn2021review,
  title={A review of methods for imbalanced multi-label classification},
  author={Tarekegn, Adane Nega and Giacobini, Mario and Michalak, Krzysztof},
  journal={Pattern Recognition},
  volume={118},
  pages={107965},
  year={2021},
  publisher={Elsevier}
}

@article{branco2016survey,
  title={A survey of predictive modeling on imbalanced domains},
  author={Branco, Paula and Torgo, Lu{\'\i}s and Ribeiro, Rita P},
  journal={ACM Computing Surveys (CSUR)},
  volume={49},
  number={2},
  pages={1--50},
  year={2016},
  publisher={ACM New York, NY, USA}
}

@article{yang2019federated,
  title={Federated machine learning: Concept and applications},
  author={Yang, Qiang and Liu, Yang and Chen, Tianjian and Tong, Yongxin},
  journal={ACM Transactions on Intelligent Systems and Technology (TIST)},
  volume={10},
  number={2},
  pages={1--19},
  year={2019},
  publisher={ACM New York, NY, USA}
}

@article{khan2021federated,
  title={Federated learning for internet of things: Recent advances, taxonomy, and open challenges},
  author={Khan, Latif U and Saad, Walid and Han, Zhu and Hossain, Ekram and Hong, Choong Seon},
  journal={IEEE Communications Surveys \& Tutorials},
  year={2021},
  publisher={IEEE}
}

@article{haixiang2017learning,
  title={Learning from class-imbalanced data: Review of methods and applications},
  author={Haixiang, Guo and Yijing, Li and Shang, Jennifer and Mingyun, Gu and Yuanyue, Huang and Bing, Gong},
  journal={Expert systems with applications},
  volume={73},
  pages={220--239},
  year={2017},
  publisher={Elsevier}
}

@article{krawczyk2016learning,
  title={Learning from imbalanced data: open challenges and future directions},
  author={Krawczyk, Bartosz},
  journal={Progress in Artificial Intelligence},
  volume={5},
  number={4},
  pages={221--232},
  year={2016},
  publisher={Springer}
}

@inproceedings{lin2017focal,
  title={Focal loss for dense object detection},
  author={Lin, Tsung-Yi and Goyal, Priya and Girshick, Ross and He, Kaiming and Doll{\'a}r, Piotr},
  booktitle={Proceedings of the IEEE international conference on computer vision},
  pages={2980--2988},
  year={2017}
}

@article{xie2021multi,
  title={Multi-center federated learning},
  author={Xie, Ming and Long, Guodong and Shen, Tao and Zhou, Tianyi and Wang, Xianzhi and Jiang, Jing and Zhang, Chengqi},
  journal={arXiv preprint arXiv:2108.08647},
  year={2021}
}

@inproceedings{sitompul2018optimization,
  title={Optimization model of K-Means clustering using artificial neural networks to handle class imbalance problem},
  author={Sitompul, OS and Nababan, EB and others},
  booktitle={IOP conference series: materials science and engineering},
  volume={288},
  number={1},
  pages={012075},
  year={2018},
  organization={IOP Publishing}
}

@article{duan2020fedgroup,
  title={Fedgroup: Ternary cosine similarity-based clustered federated learning framework toward high accuracy in heterogeneous data},
  author={Duan, Moming and Liu, Duo and Ji, Xinyuan and Liu, Renping and Liang, Liang and Chen, Xianzhang and Tan, Yujuan},
  journal={arXiv preprint arXiv:2010.06870},
  year={2020}
}
@inproceedings{sittijuk2021performance,
  title={Performance measurement of federated learning on imbalanced data},
  author={Sittijuk, Pramote and Tamee, Kriengsuk},
  booktitle={2021 18th International Joint Conference on Computer Science and Software Engineering (JCSSE)},
  pages={1--6},
  year={2021},
  organization={IEEE}
}

@inproceedings{mcmahan2017communication,
  title={Communication-efficient learning of deep networks from decentralized data},
  author={McMahan, Brendan and Moore, Eider and Ramage, Daniel and Hampson, Seth and y Arcas, Blaise Aguera},
  booktitle={Artificial intelligence and statistics},
  pages={1273--1282},
  year={2017},
  organization={PMLR}
}

@inproceedings{zheng2021federated,
  title={Federated meta-learning for fraudulent credit card detection},
  author={Zheng, Wenbo and Yan, Lan and Gou, Chao and Wang, Fei-Yue},
  booktitle={Proceedings of the Twenty-Ninth International Conference on International Joint Conferences on Artificial Intelligence},
  pages={4654--4660},
  year={2021}
}

@inproceedings{yang2019ffd,
  title={Ffd: A federated learning based method for credit card fraud detection},
  author={Yang, Wensi and Zhang, Yuhang and Ye, Kejiang and Li, Li and Xu, Cheng-Zhong},
  booktitle={International conference on big data},
  pages={18--32},
  year={2019},
  organization={Springer}
}

@article{hauschild2022federated,
  title={Federated Random Forests can improve local performance of predictive models for various healthcare applications},
  author={Hauschild, Anne-Christin and Lemanczyk, Marta and Matschinske, Julian and Frisch, Tobias and Zolotareva, Olga and Holzinger, Andreas and Baumbach, Jan and Heider, Dominik},
  journal={Bioinformatics},
  volume={38},
  number={8},
  pages={2278--2286},
  year={2022},
  publisher={Oxford University Press}
}

@article{wang2019eavesdrop,
  title={Eavesdrop the composition proportion of training labels in federated learning},
  author={Wang, Lixu and Xu, Shichao and Wang, Xiao and Zhu, Qi},
  journal={arXiv preprint arXiv:1910.06044},
  year={2019}
}

@article{anand1993improved,
  title={An improved algorithm for neural network classification of imbalanced training sets},
  author={Anand, Rangachari and Mehrotra, Kishan G and Mohan, Chilukuri K and Ranka, Sanjay},
  journal={IEEE Transactions on Neural Networks},
  volume={4},
  number={6},
  pages={962--969},
  year={1993},
  publisher={IEEE}
}

@inproceedings{chen2013combinatorial,
  title={Combinatorial multi-armed bandit: General framework and applications},
  author={Chen, Wei and Wang, Yajun and Yuan, Yang},
  booktitle={International conference on machine learning},
  pages={151--159},
  year={2013},
  organization={PMLR}
}

@article{chawla2002smote,
  title={SMOTE: synthetic minority over-sampling technique},
  author={Chawla, Nitesh V and Bowyer, Kevin W and Hall, Lawrence O and Kegelmeyer, W Philip},
  journal={Journal of artificial intelligence research},
  volume={16},
  pages={321--357},
  year={2002}
}

@inproceedings{he2008adaptive,
  title={adaptive synthetic sampling approach for imbalanced learning. IEEE international joint conference on neural networks},
  author={He, H and Bai, Y and Garcia, EA and Li, S ADASYN},
  booktitle={2008 (IEEE World Congress On Computational Intelligence)},
  year={2008}
}

@article{wang2014privacy,
  title={Privacy-preserving collaborative spectrum sensing with multiple service providers},
  author={Wang, Wei and Zhang, Qian},
  journal={IEEE Transactions on Wireless Communications},
  volume={14},
  number={2},
  pages={1011--1019},
  year={2014},
  publisher={IEEE}
}

@article{wang2015outsourcing,
  title={Outsourcing high-dimensional healthcare data to cloud with personalized privacy preservation},
  author={Wang, Wei and Chen, Lei and Zhang, Qian},
  journal={Computer Networks},
  volume={88},
  pages={136--148},
  year={2015},
  publisher={Elsevier}
}

@inproceedings{du2004privacy,
  title={Privacy-preserving multivariate statistical analysis: Linear regression and classification},
  author={Du, Wenliang and Han, Yunghsiang S and Chen, Shigang},
  booktitle={Proceedings of the 2004 SIAM international conference on data mining},
  pages={222--233},
  year={2004},
  organization={SIAM}
}

@inproceedings{mohassel2017secureml,
  title={Secureml: A system for scalable privacy-preserving machine learning},
  author={Mohassel, Payman and Zhang, Yupeng},
  booktitle={2017 IEEE symposium on security and privacy (SP)},
  pages={19--38},
  year={2017},
  organization={IEEE}
}

@article{yuan2013privacy,
  title={Privacy preserving back-propagation neural network learning made practical with cloud computing},
  author={Yuan, Jiawei and Yu, Shucheng},
  journal={IEEE Transactions on Parallel and Distributed Systems},
  volume={25},
  number={1},
  pages={212--221},
  year={2013},
  publisher={IEEE}
}

@inproceedings{diwangkara2020study,
  title={Study of Data Imbalance and Asynchronous Aggregation Algorithm on Federated Learning System},
  author={Diwangkara, Senapati Sang and Kistijantoro, Achmad Imam},
  booktitle={2020 International Conference on Information Technology Systems and Innovation (ICITSI)},
  pages={276--281},
  year={2020},
  organization={IEEE}
}

@article{tangdata,
  title={Data Resampling for Federated Learning with Non-IID Labels},
  author={Tang, Zhenheng and Hu, Zhikai and Shi, Shaohuai and Cheung, Yiu-ming and Jin, Yilun and Ren, Zhenghang and Chu, Xiaowen}
}

@article{cheng2022blockchain,
  title={A Blockchain-Empowered Cluster-based Federated Learning Model for Blade Icing Estimation on IoT-enabled Wind Turbine},
  author={Cheng, Xu and Tian, Weiwei and Shi, Fan and Zhao, Meng and Chen, Shengyong and Wang, Hao},
  journal={IEEE Transactions on Industrial Informatics},
  year={2022},
  publisher={IEEE}
}

@article{chakraborty2022improving,
  title={Improving the Robustness of Federated Learning for Severely Imbalanced Datasets},
  author={Chakraborty, Debasrita and Ghosh, Ashish},
  journal={arXiv preprint arXiv:2204.13414},
  year={2022}
}

@article{aono2017privacy,
  title={Privacy-preserving deep learning via additively homomorphic encryption},
  author={Aono, Yoshinori and Hayashi, Takuya and Wang, Lihua and Moriai, Shiho and others},
  journal={IEEE Transactions on Information Forensics and Security},
  volume={13},
  number={5},
  pages={1333--1345},
  year={2017},
  publisher={IEEE}
}

@inproceedings{zhang2021dubhe,
  title={Dubhe: Towards Data Unbiasedness with Homomorphic Encryption in Federated Learning Client Selection},
  author={Zhang, Shulai and Li, Zirui and Chen, Quan and Zheng, Wenli and Leng, Jingwen and Guo, Minyi},
  booktitle={50th International Conference on Parallel Processing},
  pages={1--10},
  year={2021}
}

@inproceedings{shen2021agnostic,
  title={An Agnostic Approach to Federated Learning with Class Imbalance},
  author={Shen, Zebang and Cervino, Juan and Hassani, Hamed and Ribeiro, Alejandro},
  booktitle={International Conference on Learning Representations},
  year={2021}
}

@article{cheng2022class,
  title={A {CLASS}-Imbalanced Heterogeneous Federated Learning Model for Detecting Icing on Wind Turbine Blades},
  author={Cheng, Xu and Shi, Fan and Liu, Yongping and Zhou, Jiehan and Liu, Xiufeng and Huang, Lizhen},
  journal={IEEE Transactions on Industrial Informatics},
  year={2022},
  publisher={IEEE}
}

@article{goetz2019active,
  title={Active federated learning},
  author={Goetz, Jack and Malik, Kshitiz and Bui, Duc and Moon, Seungwhan and Liu, Honglei and Kumar, Anuj},
  journal={arXiv preprint arXiv:1909.12641},
  year={2019}
}

@article{dong2022federated,
  title={Federated Class-Incremental Learning},
  author={Dong, Jiahua and Wang, Lixu and Fang, Zhen and Sun, Gan and Xu, Shichao and Wang, Xiao and Zhu, Qi},
  journal={arXiv preprint arXiv:2203.11473},
  year={2022}
}

@article{duan2020self,
  title={Self-balancing federated learning with global imbalanced data in mobile systems},
  author={Duan, Moming and Liu, Duo and Chen, Xianzhang and Liu, Renping and Tan, Yujuan and Liang, Liang},
  journal={IEEE Transactions on Parallel and Distributed Systems},
  volume={32},
  number={1},
  pages={59--71},
  year={2020},
  publisher={IEEE}
}

@article{konevcny2016federated,
  title={Federated optimization: Distributed machine learning for on-device intelligence},
  author={Kone{\v{c}}n{\`y}, Jakub and McMahan, H Brendan and Ramage, Daniel and Richt{\'a}rik, Peter},
  journal={arXiv preprint arXiv:1610.02527},
  year={2016}
}

@article{kim2016deepspark,
  title={Deepspark: Spark-based deep learning supporting asynchronous updates and caffe compatibility},
  author={Kim, Hanjoo and Park, Jaehong and Jang, Jaehee and Yoon, Sungroh},
  journal={arXiv preprint arXiv:1602.08191},
  volume={3},
  year={2016},
  publisher={CoRR}
}

@article{sergeev2018horovod,
  title={Horovod: fast and easy distributed deep learning in TensorFlow},
  author={Sergeev, Alexander and Del Balso, Mike},
  journal={arXiv preprint arXiv:1802.05799},
  year={2018}
}

@article{liu2020secure,
  title={A secure federated transfer learning framework},
  author={Liu, Yang and Kang, Yan and Xing, Chaoping and Chen, Tianjian and Yang, Qiang},
  journal={IEEE Intelligent Systems},
  volume={35},
  number={4},
  pages={70--82},
  year={2020},
  publisher={IEEE}
}

@article{li2020federated,
  title={Federated learning: Challenges, methods, and future directions},
  author={Li, Tian and Sahu, Anit Kumar and Talwalkar, Ameet and Smith, Virginia},
  journal={IEEE Signal Processing Magazine},
  volume={37},
  number={3},
  pages={50--60},
  year={2020},
  publisher={IEEE}
}


@article{zhao2018federated,
  title={Federated learning with non-iid data},
  author={Zhao, Yue and Li, Meng and Lai, Liangzhen and Suda, Naveen and Civin, Damon and Chandra, Vikas},
  journal={arXiv preprint arXiv:1806.00582},
  year={2018}
}
@inproceedings{guo2008class,
  title={On the class imbalance problem},
  author={Guo, Xinjian and Yin, Yilong and Dong, Cailing and Yang, Gongping and Zhou, Guangtong},
  booktitle={2008 Fourth international conference on natural computation},
  volume={4},
  pages={192--201},
  year={2008},
  organization={IEEE}
}

@article{ali2013classification,
  title={Classification with class imbalance problem},
  author={Ali, Aida and Shamsuddin, Siti Mariyam and Ralescu, Anca L},
  journal={Int. J. Advance Soft Compu. Appl},
  volume={5},
  number={3},
  year={2013}
}

@article{japkowicz2002class,
  title={The class imbalance problem: A systematic study},
  author={Japkowicz, Nathalie and Stephen, Shaju},
  journal={Intelligent data analysis},
  volume={6},
  number={5},
  pages={429--449},
  year={2002},
  publisher={IOS Press}
}

@article{ling2008cost,
  title={Cost-sensitive learning and the class imbalance problem},
  author={Ling, Charles X and Sheng, Victor S},
  journal={Encyclopedia of machine learning},
  volume={2011},
  pages={231--235},
  year={2008},
  publisher={Citeseer}
}

@article{liu2008exploratory,
  title={Exploratory undersampling for class-imbalance learning},
  author={Liu, Xu-Ying and Wu, Jianxin and Zhou, Zhi-Hua},
  journal={IEEE Transactions on Systems, Man, and Cybernetics, Part B (Cybernetics)},
  volume={39},
  number={2},
  pages={539--550},
  year={2008},
  publisher={IEEE}
}

@article{li2019convergence,
  title={On the convergence of fedavg on non-iid data},
  author={Li, Xiang and Huang, Kaixuan and Yang, Wenhao and Wang, Shusen and Zhang, Zhihua},
  journal={arXiv preprint arXiv:1907.02189},
  year={2019}
}

@article{wang2020tackling,
  title={Tackling the objective inconsistency problem in heterogeneous federated optimization},
  author={Wang, Jianyu and Liu, Qinghua and Liang, Hao and Joshi, Gauri and Poor, H Vincent},
  journal={Advances in neural information processing systems},
  volume={33},
  pages={7611--7623},
  year={2020}
}


@article{li2021survey,
  title={A survey on federated learning systems: vision, hype and reality for data privacy and protection},
  author={Li, Qinbin and Wen, Zeyi and Wu, Zhaomin and Hu, Sixu and Wang, Naibo and Li, Yuan and Liu, Xu and He, Bingsheng},
  journal={IEEE Transactions on Knowledge and Data Engineering},
  year={2021},
  publisher={IEEE}
}

@inproceedings{truex2019hybrid,
  title={A hybrid approach to privacy-preserving federated learning},
  author={Truex, Stacey and Baracaldo, Nathalie and Anwar, Ali and Steinke, Thomas and Ludwig, Heiko and Zhang, Rui and Zhou, Yi},
  booktitle={Proceedings of the 12th ACM workshop on artificial intelligence and security},
  pages={1--11},
  year={2019}
}

@inproceedings{dong2019semantic,
  title={Semantic-transferable weakly-supervised endoscopic lesions segmentation},
  author={Dong, Jiahua and Cong, Yang and Sun, Gan and Hou, Dongdong},
  booktitle={Proceedings of the IEEE/CVF International Conference on Computer Vision},
  pages={10712--10721},
  year={2019}
}

@article{ramaswamy2019federated,
  title={Federated learning for emoji prediction in a mobile keyboard},
  author={Ramaswamy, Swaroop and Mathews, Rajiv and Rao, Kanishka and Beaufays, Fran{\c{c}}oise},
  journal={arXiv preprint arXiv:1906.04329},
  year={2019}
}
@article{galar2011review,
  title={A review on ensembles for the class imbalance problem: bagging-, boosting-, and hybrid-based approaches},
  author={Galar, Mikel and Fernandez, Alberto and Barrenechea, Edurne and Bustince, Humberto and Herrera, Francisco},
  journal={IEEE Transactions on Systems, Man, and Cybernetics, Part C (Applications and Reviews)},
  volume={42},
  number={4},
  pages={463--484},
  year={2011},
  publisher={IEEE}
}

@article{krawczyk2014cost,
  title={Cost-sensitive decision tree ensembles for effective imbalanced classification},
  author={Krawczyk, Bartosz and Wo{\'z}niak, Micha{\l} and Schaefer, Gerald},
  journal={Applied Soft Computing},
  volume={14},
  pages={554--562},
  year={2014},
  publisher={Elsevier}
}
@article{loyola2016study,
  title={Study of the impact of resampling methods for contrast pattern based classifiers in imbalanced databases},
  author={Loyola-Gonz{\'a}lez, Octavio and Mart{\'\i}nez-Trinidad, Jos{\'e} Fco and Carrasco-Ochoa, Jes{\'u}s Ariel and Garc{\'\i}a-Borroto, Milton},
  journal={Neurocomputing},
  volume={175},
  pages={935--947},
  year={2016},
  publisher={Elsevier}
}

@article{buda2018systematic,
  title={A systematic study of the class imbalance problem in convolutional neural networks},
  author={Buda, Mateusz and Maki, Atsuto and Mazurowski, Maciej A},
  journal={Neural networks},
  volume={106},
  pages={249--259},
  year={2018},
  publisher={Elsevier}
}
@article{chandola2009anomaly,
  title={Anomaly detection: A survey},
  author={Chandola, Varun and Banerjee, Arindam and Kumar, Vipin},
  journal={ACM computing surveys (CSUR)},
  volume={41},
  number={3},
  pages={1--58},
  year={2009},
  publisher={ACM New York, NY, USA}
}

@article{chalapathy2019deep,
  title={Deep learning for anomaly detection: A survey},
  author={Chalapathy, Raghavendra and Chawla, Sanjay},
  journal={arXiv preprint arXiv:1901.03407},
  year={2019}
}

@article{abughalwa2020full,
  title={Full-duplex jamming and interception analysis of uav-based intrusion links},
  author={Abughalwa, Monir and Samara, Lutfi and Hasna, Mazen O and Hamila, Ridha},
  journal={IEEE Communications Letters},
  volume={24},
  number={5},
  pages={1105--1109},
  year={2020},
  publisher={IEEE}
}

@inproceedings{choudhury2019predicting,
  title={Predicting adverse drug reactions on distributed health data using federated learning},
  author={Choudhury, Olivia and Park, Yoonyoung and Salonidis, Theodoros and Gkoulalas-Divanis, Aris and Sylla, Issa and others},
  booktitle={AMIA Annual symposium proceedings},
  volume={2019},
  pages={313},
  year={2019},
  organization={American Medical Informatics Association}
}


@article{xie2020multi,
  title={Multi-center federated learning},
  author={Xie, Ming and Long, Guodong and Shen, Tao and Zhou, Tianyi and Wang, Xianzhi and Jiang, Jing and Zhang, Chengqi},
  journal={arXiv preprint arXiv:2005.01026},
  year={2020}
}


@misc{masko2015impact,
  title={The impact of imbalanced training data for convolutional neural networks},
  author={Masko, David and Hensman, Paulina},
  year={2015}
}
@inproceedings{lee2016plankton,
  title={Plankton classification on imbalanced large scale database via convolutional neural networks with transfer learning},
  author={Lee, Hansang and Park, Minseok and Kim, Junmo},
  booktitle={2016 IEEE international conference on image processing (ICIP)},
  pages={3713--3717},
  year={2016},
  organization={IEEE}
}

@inproceedings{mani2003knn,
  title={kNN approach to unbalanced data distributions: a case study involving information extraction},
  author={Mani, Inderjeet and Zhang, I},
  booktitle={Proceedings of workshop on learning from imbalanced datasets},
  volume={126},
  pages={1--7},
  year={2003},
  organization={ICML}
}


@article{wiedemann2019compact,
  title={Compact and computationally efficient representation of deep neural networks},
  author={Wiedemann, Simon and M{\"u}ller, Klaus-Robert and Samek, Wojciech},
  journal={IEEE transactions on neural networks and learning systems},
  volume={31},
  number={3},
  pages={772--785},
  year={2019},
  publisher={IEEE}
}

@inproceedings{taylor2015world,
  title={The world in 2025-predictions for the next ten years},
  author={Taylor, Robin and Baron, David and Schmidt, Daniel},
  booktitle={2015 10th International Microsystems, Packaging, Assembly and Circuits Technology Conference (IMPACT)},
  pages={192--195},
  year={2015},
  organization={IEEE}
}

@article{ghasempour2019internet,
  title={Internet of things in smart grid: Architecture, applications, services, key technologies, and challenges},
  author={Ghasempour, Alireza},
  journal={Inventions},
  volume={4},
  number={1},
  pages={22},
  year={2019},
  publisher={MDPI}
}


@article{castro2013novel,
  title={Novel cost-sensitive approach to improve the multilayer perceptron performance on imbalanced data},
  author={Castro, Cristiano L and Braga, Ant{\^o}nio P},
  journal={IEEE transactions on neural networks and learning systems},
  volume={24},
  number={6},
  pages={888--899},
  year={2013},
  publisher={IEEE}
}

@article{lopez2015cost,
  title={Cost-sensitive linguistic fuzzy rule based classification systems under the MapReduce framework for imbalanced big data},
  author={L{\'o}pez, Victoria and Del R{\'\i}o, Sara and Ben{\'\i}tez, Jos{\'e} Manuel and Herrera, Francisco},
  journal={Fuzzy Sets and Systems},
  volume={258},
  pages={5--38},
  year={2015},
  publisher={Elsevier}
}

@article{hardy2017private,
  title={Private federated learning on vertically partitioned data via entity resolution and additively homomorphic encryption},
  author={Hardy, Stephen and Henecka, Wilko and Ivey-Law, Hamish and Nock, Richard and Patrini, Giorgio and Smith, Guillaume and Thorne, Brian},
  journal={arXiv preprint arXiv:1711.10677},
  year={2017}
}


@inproceedings{zhang2020batchcrypt,
  title={$\{$BatchCrypt$\}$: Efficient homomorphic encryption for $\{$Cross-Silo$\}$ federated learning},
  author={Zhang, Chengliang and Li, Suyi and Xia, Junzhe and Wang, Wei and Yan, Feng and Liu, Yang},
  booktitle={2020 USENIX annual technical conference (USENIX ATC 20)},
  pages={493--506},
  year={2020}
}

@inproceedings{paillier1999public,
  title={Public-key cryptosystems based on composite degree residuosity classes},
  author={Paillier, Pascal},
  booktitle={International conference on the theory and applications of cryptographic techniques},
  pages={223--238},
  year={1999},
  organization={Springer}
}

@article{geiping2020inverting,
  title={Inverting gradients-how easy is it to break privacy in federated learning?},
  author={Geiping, Jonas and Bauermeister, Hartmut and Dr{\"o}ge, Hannah and Moeller, Michael},
  journal={Advances in Neural Information Processing Systems},
  volume={33},
  pages={16937--16947},
  year={2020}
}

@article{bhowmick2018protection,
  title={Protection against reconstruction and its applications in private federated learning},
  author={Bhowmick, Abhishek and Duchi, John and Freudiger, Julien and Kapoor, Gaurav and Rogers, Ryan},
  journal={arXiv preprint arXiv:1812.00984},
  year={2018}
}

@article{zhu2019deep,
  title={Deep leakage from gradients},
  author={Zhu, Ligeng and Liu, Zhijian and Han, Song},
  journal={Advances in neural information processing systems},
  volume={32},
  year={2019}
}

@inproceedings{mohri2019agnostic,
  title={Agnostic federated learning},
  author={Mohri, Mehryar and Sivek, Gary and Suresh, Ananda Theertha},
  booktitle={International Conference on Machine Learning},
  pages={4615--4625},
  year={2019},
  organization={PMLR}
}

@article{li2019fair,
  title={Fair resource allocation in federated learning},
  author={Li, Tian and Sanjabi, Maziar and Beirami, Ahmad and Smith, Virginia},
  journal={arXiv preprint arXiv:1905.10497},
  year={2019}
}

@article{jiang2019improving,
  title={Improving federated learning personalization via model agnostic meta learning},
  author={Jiang, Yihan and Kone{\v{c}}n{\`y}, Jakub and Rush, Keith and Kannan, Sreeram},
  journal={arXiv preprint arXiv:1909.12488},
  year={2019}
}


@inproceedings{tan2020federated,
  title={A federated recommender system for online services},
  author={Tan, Ben and Liu, Bo and Zheng, Vincent and Yang, Qiang},
  booktitle={Fourteenth ACM Conference on Recommender Systems},
  pages={579--581},
  year={2020}
}

@article{zhang2022transfer,
  title={Transfer adaptation learning: A decade survey},
  author={Zhang, Lei and Gao, Xinbo},
  journal={IEEE Transactions on Neural Networks and Learning Systems},
  year={2022},
  publisher={IEEE}
}

@inproceedings{bassily2014private,
  title={Private empirical risk minimization: Efficient algorithms and tight error bounds},
  author={Bassily, Raef and Smith, Adam and Thakurta, Abhradeep},
  booktitle={2014 IEEE 55th annual symposium on foundations of computer science},
  pages={464--473},
  year={2014},
  organization={IEEE}
}

@article{nguyen2018crowdsourced,
  title={A crowdsourced self-learning approach for detecting compromised IoT devices},
  author={Nguyen, Thien Duc and Marchal, Samuel and Miettinen, Markus and Dang, Minh Hoang and Asokan, N and Sadeghi, AR},
  journal={arXiv preprint arXiv:1804.07474},
  year={2018}
}

@inproceedings{wang2021non,
  title={Non-transferable learning: A new approach for model ownership verification and applicability authorization},
  author={Wang, Lixu and Xu, Shichao and Xu, Ruiqi and Wang, Xiao and Zhu, Qi},
  booktitle={International Conference on Learning Representations},
  year={2021}
}

@inproceedings{yang2021flop,
  title={Flop: Federated learning on medical datasets using partial networks},
  author={Yang, Qian and Zhang, Jianyi and Hao, Weituo and Spell, Gregory P and Carin, Lawrence},
  booktitle={Proceedings of the 27th ACM SIGKDD Conference on Knowledge Discovery \& Data Mining},
  pages={3845--3853},
  year={2021}
}

@article{shoham2019overcoming,
  title={Overcoming forgetting in federated learning on non-iid data},
  author={Shoham, Neta and Avidor, Tomer and Keren, Aviv and Israel, Nadav and Benditkis, Daniel and Mor-Yosef, Liron and Zeitak, Itai},
  journal={arXiv preprint arXiv:1910.07796},
  year={2019}
}

@article{kirkpatrick2017overcoming,
  title={Overcoming catastrophic forgetting in neural networks},
  author={Kirkpatrick, James and Pascanu, Razvan and Rabinowitz, Neil and Veness, Joel and Desjardins, Guillaume and Rusu, Andrei A and Milan, Kieran and Quan, John and Ramalho, Tiago and Grabska-Barwinska, Agnieszka and others},
  journal={Proceedings of the national academy of sciences},
  volume={114},
  number={13},
  pages={3521--3526},
  year={2017},
  publisher={National Acad Sciences}
}

@inproceedings{rebuffi2017icarl,
  title={icarl: Incremental classifier and representation learning},
  author={Rebuffi, Sylvestre-Alvise and Kolesnikov, Alexander and Sperl, Georg and Lampert, Christoph H},
  booktitle={Proceedings of the IEEE conference on Computer Vision and Pattern Recognition},
  pages={2001--2010},
  year={2017}
}

@article{shin2017continual,
  title={Continual learning with deep generative replay},
  author={Shin, Hanul and Lee, Jung Kwon and Kim, Jaehong and Kim, Jiwon},
  journal={Advances in neural information processing systems},
  volume={30},
  year={2017}
}


@article{hard2018federated,
  title={Federated learning for mobile keyboard prediction},
  author={Hard, Andrew and Rao, Kanishka and Mathews, Rajiv and Ramaswamy, Swaroop and Beaufays, Fran{\c{c}}oise and Augenstein, Sean and Eichner, Hubert and Kiddon, Chlo{\'e} and Ramage, Daniel},
  journal={arXiv preprint arXiv:1811.03604},
  year={2018}
}

@article{fallah2020personalized,
  title={Personalized federated learning: A meta-learning approach},
  author={Fallah, Alireza and Mokhtari, Aryan and Ozdaglar, Asuman},
  journal={arXiv preprint arXiv:2002.07948},
  year={2020}
}


@article{smith2017federated,
  title={Federated multi-task learning},
  author={Smith, Virginia and Chiang, Chao-Kai and Sanjabi, Maziar and Talwalkar, Ameet S},
  journal={Advances in neural information processing systems},
  volume={30},
  year={2017}
}

@article{lopez2013insight,
  title={An insight into classification with imbalanced data: Empirical results and current trends on using data intrinsic characteristics},
  author={L{\'o}pez, Victoria and Fern{\'a}ndez, Alberto and Garc{\'\i}a, Salvador and Palade, Vasile and Herrera, Francisco},
  journal={Information sciences},
  volume={250},
  pages={113--141},
  year={2013},
  publisher={Elsevier}
}



@inproceedings{tahir2009multiple,
  title={A multiple expert approach to the class imbalance problem using inverse random under sampling},
  author={Tahir, Muhammad Atif and Kittler, Josef and Mikolajczyk, Krystian and Yan, Fei},
  booktitle={International workshop on multiple classifier systems},
  pages={82--91},
  year={2009},
  organization={Springer}
}



@article{khodak2019adaptive,
  title={Adaptive gradient-based meta-learning methods},
  author={Khodak, Mikhail and Balcan, Maria-Florina F and Talwalkar, Ameet S},
  journal={Advances in Neural Information Processing Systems},
  volume={32},
  year={2019}
}

@article{liang2020think,
  title={Think locally, act globally: Federated learning with local and global representations},
  author={Liang, Paul Pu and Liu, Terrance and Ziyin, Liu and Allen, Nicholas B and Auerbach, Randy P and Brent, David and Salakhutdinov, Ruslan and Morency, Louis-Philippe},
  journal={arXiv preprint arXiv:2001.01523},
  year={2020}
}

@article{zheng2020novel,
  title={A novel approach inspired by optic nerve characteristics for few-shot occluded face recognition},
  author={Zheng, Wenbo and Gou, Chao and Wang, Fei-Yue},
  journal={Neurocomputing},
  volume={376},
  pages={25--41},
  year={2020},
  publisher={Elsevier}
}

@article{chen2022personalized,
  title={Personalized Retrogress-Resilient Federated Learning Towards Imbalanced Medical Data},
  author={Chen, Zhen and Yang, Chen and Zhu, Meilu and Peng, Zhe and Yuan, Yixuan},
  journal={IEEE Transactions on Medical Imaging},
  year={2022},
  publisher={IEEE}
}


@article{cao2019learning,
  title={Learning imbalanced datasets with label-distribution-aware margin loss},
  author={Cao, Kaidi and Wei, Colin and Gaidon, Adrien and Arechiga, Nikos and Ma, Tengyu},
  journal={Advances in neural information processing systems},
  volume={32},
  year={2019}
}

@article{singh2015survey,
  title={A survey on methods for solving data imbalance problem for classification},
  author={Singh, Arpit and Purohit, Anuradha},
  journal={International Journal of Computer Applications},
  volume={127},
  number={15},
  pages={37--41},
  year={2015},
  publisher={Citeseer}
}

@article{dai2021vertical,
  title={Vertical federated DNN training},
  author={Dai, Mingjun and Xu, Annan and Huang, Qingwen and Zhang, Zhonghao and Lin, Xiaohui},
  journal={Physical Communication},
  volume={49},
  pages={101465},
  year={2021},
  publisher={Elsevier}
}

@inproceedings{chen2021fed,
  title={Fed-EINI: An Efficient and Interpretable Inference Framework for Decision Tree Ensembles in Vertical Federated Learning},
  author={Chen, Xiaolin and Zhou, Shuai and Guan, Bei and Yang, Kai and Fao, Hao and Wang, Hu and Wang, Yongji},
  booktitle={2021 IEEE International Conference on Big Data (Big Data)},
  pages={1242--1248},
  year={2021},
  organization={IEEE}
}

@article{he2021secure,
  title={Secure logistic regression for vertical federated learning},
  author={He, Daojing and Du, Runmeng and Zhu, Shanshan and Zhang, Min and Liang, Kaitai and Chan, Sammy},
  journal={IEEE Internet Computing},
  volume={26},
  number={2},
  pages={61--68},
  year={2021},
  publisher={IEEE}
}