@String(PAMI = {IEEE Trans. Pattern Anal. Mach. Intell.})
@String(IJCV = {Int. J. Comput. Vis.})
@String(CVPR= {IEEE Conf. Comput. Vis. Pattern Recog.})
@String(ICCV= {Int. Conf. Comput. Vis.})
@String(ECCV= {Eur. Conf. Comput. Vis.})
@String(NIPS= {Adv. Neural Inform. Process. Syst.})
@String(ICPR = {Int. Conf. Pattern Recog.})
@String(BMVC= {Brit. Mach. Vis. Conf.})
@String(TOG= {ACM Trans. Graph.})
@String(TIP  = {IEEE Trans. Image Process.})
@String(TVCG  = {IEEE Trans. Vis. Comput. Graph.})
@String(TMM  = {IEEE Trans. Multimedia})
@String(ACMMM= {ACM Int. Conf. Multimedia})
@String(ICME = {Int. Conf. Multimedia and Expo})
@String(ICASSP=	{ICASSP})
@String(ICIP = {IEEE Int. Conf. Image Process.})
@String(ACCV  = {ACCV})
@String(ICLR = {Int. Conf. Learn. Represent.})
@String(IJCAI = {IJCAI})
@String(PR   = {Pattern Recognition})
@String(AAAI = {AAAI})
@String(CVPRW= {IEEE Conf. Comput. Vis. Pattern Recog. Worksh.})
@String(CSVT = {IEEE Trans. Circuit Syst. Video Technol.})

@String(SPL	= {IEEE Sign. Process. Letters})
@String(VR   = {Vis. Res.})
@String(JOV	 = {J. Vis.})
@String(TVC  = {The Vis. Comput.})
@String(JCST  = {J. Comput. Sci. Tech.})
@String(CGF  = {Comput. Graph. Forum})
@String(CVM = {Computational Visual Media})


@String(PAMI  = {IEEE TPAMI})
@String(IJCV  = {IJCV})
@String(CVPR  = {CVPR})
@String(ICCV  = {ICCV})
@String(ECCV  = {ECCV})
@String(NIPS  = {NeurIPS})
@String(ICPR  = {ICPR})
@String(BMVC  =	{BMVC})
@String(TOG   = {ACM TOG})
@String(TIP   = {IEEE TIP})
@String(TVCG  = {IEEE TVCG})
@String(TCSVT = {IEEE TCSVT})
@String(TMM   =	{IEEE TMM})
@String(ACMMM = {ACM MM})
@String(ICME  =	{ICME})
@String(ICASSP=	{ICASSP})
@String(ICIP  = {ICIP})
@String(ACCV  = {ACCV})
@String(ICLR  = {ICLR})
@String(IJCAI = {IJCAI})
@String(PR = {PR})
@String(AAAI = {AAAI})
@String(CVPRW= {CVPRW})
@String(CSVT = {IEEE TCSVT})

@article{cancer,
  title={The diagnostic path, a useful visualisation tool in virtual microscopy},
  author={Schrader, Thomas and Niepage, Sonja and Leuthold, Thomas and Saeger, Kai and Schluns, Karsten and Hufnagl, Peter and Kayser, Klaus and Dietel, Manfred},
  journal={Diagnostic Pathology},
  volume={1},
  number={1},
  pages={1--7},
  year={2006},
  publisher={BioMed Central}
}



@article{wsi1,
  title={Diagnostic assessment of deep learning algorithms for detection of lymph node metastases in women with breast cancer},
  author={Bejnordi, Babak Ehteshami and Veta, Mitko and Van Diest, Paul Johannes and Van Ginneken, Bram and Karssemeijer, Nico and Litjens, Geert and Van Der Laak, Jeroen AWM and Hermsen, Meyke and Manson, Quirine F and Balkenhol, Maschenka and others},
  journal={Jama},
  volume={318},
  number={22},
  pages={2199--2210},
  year={2017},
  publisher={American Medical Association}
}

@article{wsi2,
  title={An augmented reality microscope with real-time artificial intelligence integration for cancer diagnosis},
  author={Chen, Po-Hsuan Cameron and Gadepalli, Krishna and MacDonald, Robert and Liu, Yun and Kadowaki, Shiro and Nagpal, Kunal and Kohlberger, Timo and Dean, Jeffrey and Corrado, Greg S and Hipp, Jason D and others},
  journal={Nature medicine},
  volume={25},
  number={9},
  pages={1453--1457},
  year={2019},
  publisher={Nature Publishing Group US New York}
}

@article{wsi3,
  title={Development and validation of a deep learning algorithm for Gleason grading of prostate cancer from biopsy specimens},
  author={Nagpal, Kunal and Foote, Davis and Tan, Fraser and Liu, Yun and Chen, Po-Hsuan Cameron and Steiner, David F and Manoj, Naren and Olson, Niels and Smith, Jenny L and Mohtashamian, Arash and others},
  journal={JAMA oncology},
  volume={6},
  number={9},
  pages={1372--1380},
  year={2020},
  publisher={American Medical Association}
}


@article{chen2023rd,
  title={RD-DPP: Rate-Distortion Theory Meets Determinantal Point Process to Diversify Learning Data Samples},
  author={Chen, Xiwen and Li, Huayu and Amin, Rahul and Razi, Abolfazl},
  journal={arXiv preprint arXiv:2304.04137},
  year={2023}
}

@article{tremblay2019determinantal,
  title={Determinantal Point Processes for Coresets.},
  author={Tremblay, Nicolas and Barthelm{\'e}, Simon and Amblard, Pierre-Olivier},
  journal={J. Mach. Learn. Res.},
  volume={20},
  pages={168--1},
  year={2019}
}

@article{kulesza2012determinantal,
  title={Determinantal point processes for machine learning},
  author={Kulesza, Alex and Taskar, Ben and others},
  journal={Foundations and Trends{\textregistered} in Machine Learning},
  volume={5},
  number={2--3},
  pages={123--286},
  year={2012},
  publisher={Now Publishers, Inc.}
}

@article{chen2018fast,
  title={Fast greedy map inference for determinantal point process to improve recommendation diversity},
  author={Chen, Laming and Zhang, Guoxin and Zhou, Eric},
  journal={Advances in Neural Information Processing Systems},
  volume={31},
  year={2018}
}


@article{perez2021multi,
  title={Multi-document summarization with determinantal point process attention},
  author={Perez-Beltrachini, Laura and Lapata, Mirella},
  journal={Journal of Artificial Intelligence Research},
  volume={71},
  pages={371--399},
  year={2021}
}

@ARTICLE{10580972,
  author={Chen, Xiwen and Li, Huayu and Amin, Rahul and Razi, Abolfazl},
  journal={IEEE Transactions on Machine Learning in Communications and Networking}, 
  title={Learning on Bandwidth Constrained Multi-Source Data with MIMO-inspired DPP MAP Inference}, 
  year={2024},
  volume={},
  number={},
  pages={1-1},
  keywords={Distributed databases;Semantics;Data models;MIMO communication;Task analysis;Training;Soft sensors;Determinantal Point Process;Data Diversification;Distributed Learning;Distributed Sources},
  doi={10.1109/TMLCN.2024.3421907}}

@article{wang2022transformer,
  title={Transformer-based unsupervised contrastive learning for histopathological image classification},
  author={Wang, Xiyue and Yang, Sen and Zhang, Jun and Wang, Minghui and Zhang, Jing and Yang, Wei and Huang, Junzhou and Han, Xiao},
  journal={Medical image analysis},
  volume={81},
  pages={102559},
  year={2022},
  publisher={Elsevier}
}


@article{petersen2008matrix,
  title={The matrix cookbook},
  author={Petersen, Kaare Brandt and Pedersen, Michael Syskind and others},
  journal={Technical University of Denmark},
  volume={7},
  number={15},
  pages={510},
  year={2008}
}

@inproceedings{he2020momentum,
  title={Momentum contrast for unsupervised visual representation learning},
  author={He, Kaiming and Fan, Haoqi and Wu, Yuxin and Xie, Saining and Girshick, Ross},
  booktitle={Proceedings of the IEEE/CVF conference on computer vision and pattern recognition},
  pages={9729--9738},
  year={2020}
}




@book{em:86,
  editor  = "Engelmore, Robert and Morgan, Anthony",
  title   = "Blackboard Systems",
  year    = 1986,
  address = "Reading, Mass.",
  publisher = "Addison-Wesley",
}

@inproceedings{c:83,
  author  = "Clancey, William J.",
  year    = 1983,
  title   = "{Communication, Simulation, and Intelligent
Agents: Implications of Personal Intelligent Machines
for Medical Education}",
  booktitle="Proceedings of the Eighth International Joint Conference on Artificial Intelligence {(IJCAI-83)}", 
  pages   = "556-560",
  address = "Menlo Park, Calif",
  publisher = "{IJCAI Organization}",
}
@inproceedings{c:84,
  author  = "Clancey, William J.",
  year    = 1984,
  title   = "{Classification Problem Solving}",
  booktitle = "Proceedings of the Fourth National 
              Conference on Artificial Intelligence",
  pages   = "45-54",
  address = "Menlo Park, Calif.",
  publisher="AAAI Press",
}
@article{r:80,
  author = {Robinson, Arthur L.},
  title = {New Ways to Make Microcircuits Smaller},
  volume = {208},
  number = {4447},
  pages = {1019--1022},
  year = {1980},
  doi = {10.1126/science.208.4447.1019},
  publisher = {American Association for the Advancement of Science},
  issn = {0036-8075},
  URL = {https://science.sciencemag.org/content/208/4447/1019},
  eprint = {https://science.sciencemag.org/content/208/4447/1019.full.pdf},
  journal = {Science},
}
@article{r:80x,
  author  = "Robinson, Arthur L.",
  year    = 1980,
  title   = "{New Ways to Make Microcircuits Smaller---Duplicate Entry}",
  journal = "Science",
  volume  =  208,
  pages   = "1019-1026",
}
@article{hcr:83,
title = {Strategic explanations for a diagnostic consultation system},
journal = {International Journal of Man-Machine Studies},
volume = {20},
number = {1},
pages = {3-19},
year = {1984},
issn = {0020-7373},
doi = {https://doi.org/10.1016/S0020-7373(84)80003-6},
url = {https://www.sciencedirect.com/science/article/pii/S0020737384800036},
author = {Diane Warner Hasling and William J. Clancey and Glenn Rennels},
abstract = {This article examines the problem of automatte explanation of reasoning, especially as it relates to expert systems. By explanation we mean the ability of a program to discuss what it is doing in some understandable way. We first present a general framework in which to view explanation and review some of the research done in this area. We then focus on the explanation system for NEOMYCIN, a medical consultation program. A consultation program interactively helps a user to solve a problem. Our goal is to have NEOMYCIN explain its problem-solving strategies. An explanation of strategy describes the plan the program is using to reach a solution. Such an explanation is usually concrete, referring to aspects of the current problem situation. Abstract explanations articulate a general principle, which can be applied in different situations; such explanations are useful in teaching and in explaining by analogy. We describe the aspects of NEOMYCIN that make abstract strategic explanations possible—the representation of strategic knowledge explicitly and separately from domain knowledge— and demonstrate how this representation can be used to generate explanations.}
}
@article{hcrt:83,
  author  = "Hasling, Diane Warner and Clancey, William J. and Rennels, Glenn R. and Test, Thomas",
  year    = 1983,
  title   = "{Strategic Explanations in Consultation---Duplicate}",
  journal = "The International Journal of Man-Machine Studies",
  volume  = 20,
  number  = 1,
  pages   = "3-19",
}
@techreport{r:86,
  author  = "Rice, James",
  year    = 1986,
  title   = "{Poligon: A System for Parallel Problem Solving}",
  type    = "Technical Report", 
  number  = "KSL-86-19", 
  institution = "Dept.\ of Computer Science, Stanford Univ.",
}
@phdthesis{c:79,
  author  = "Clancey, William J.",
  year    = 1979,
  title   = "{Transfer of Rule-Based Expertise
through a Tutorial Dialogue}",
  type    = "{Ph.D.} diss.",
  school  = "Dept.\ of Computer Science, Stanford Univ.",
  address = "Stanford, Calif.",
}
@unpublished{c:21,
  author  = "Clancey, William J.",
  title   = "{The Engineering of Qualitative Models}",
  year    = 2021,
  note    = "Forthcoming",
}
@misc{c:22,
      title={Crime and punishment in scientific research}, 
      author={Mathieu Bouville},
      year={2008},
      eprint={0803.4058},
      archivePrefix={arXiv},
      primaryClass={physics.soc-ph}
}
@misc{c:23,
  title        = "Pluto: The 'Other' Red Planet",
  author       = "{NASA}",
  howpublished = "\url{https://www.nasa.gov/nh/pluto-the-other-red-planet}",
  year         = 2015,
  note         = "Accessed: 2018-12-06"
}




@article{wang2018revisiting,
  title={Revisiting multiple instance neural networks},
  author={Wang, Xinggang and Yan, Yongluan and Tang, Peng and Bai, Xiang and Liu, Wenyu},
  journal={Pattern Recognition},
  volume={74},
  pages={15--24},
  year={2018},
  publisher={Elsevier}
}

@inproceedings{ilse2018attention,
  title={Attention-based deep multiple instance learning},
  author={Ilse, Maximilian and Tomczak, Jakub and Welling, Max},
  booktitle={International conference on machine learning},
  pages={2127--2136},
  year={2018},
  organization={PMLR}
}

@article{tu2019multiple,
  title={Multiple instance learning with graph neural networks},
  author={Tu, Ming and Huang, Jing and He, Xiaodong and Zhou, Bowen},
  journal={arXiv preprint arXiv:1906.04881},
  year={2019}
}

@inproceedings{yan2018deep,
  title={Deep multi-instance learning with dynamic pooling},
  author={Yan, Yongluan and Wang, Xinggang and Guo, Xiaojie and Fang, Jiemin and Liu, Wenyu and Huang, Junzhou},
  booktitle={Asian Conference on Machine Learning},
  pages={662--677},
  year={2018},
  organization={PMLR}
}

@inproceedings{wang2018non,
  title={Non-local neural networks},
  author={Wang, Xiaolong and Girshick, Ross and Gupta, Abhinav and He, Kaiming},
  booktitle={Proceedings of the IEEE conference on computer vision and pattern recognition},
  pages={7794--7803},
  year={2018}
}

@inproceedings{zhu2019asymmetric,
  title={Asymmetric non-local neural networks for semantic segmentation},
  author={Zhu, Zhen and Xu, Mengde and Bai, Song and Huang, Tengteng and Bai, Xiang},
  booktitle={Proceedings of the IEEE/CVF International Conference on Computer Vision},
  pages={593--602},
  year={2019}
}

@inproceedings{li2021dual,
  title={Dual-stream multiple instance learning network for whole slide image classification with self-supervised contrastive learning},
  author={Li, Bin and Li, Yin and Eliceiri, Kevin W},
  booktitle={Proceedings of the IEEE/CVF conference on computer vision and pattern recognition},
  pages={14318--14328},
  year={2021}
}

@article{campanella2019clinical,
  title={Clinical-grade computational pathology using weakly supervised deep learning on whole slide images},
  author={Campanella, Gabriele and Hanna, Matthew G and Geneslaw, Luke and Miraflor, Allen and Werneck Krauss Silva, Vitor and Busam, Klaus J and Brogi, Edi and Reuter, Victor E and Klimstra, David S and Fuchs, Thomas J},
  journal={Nature medicine},
  volume={25},
  number={8},
  pages={1301--1309},
  year={2019},
  publisher={Nature Publishing Group US New York}
}

@article{lu2021data,
  title={Data-efficient and weakly supervised computational pathology on whole-slide images},
  author={Lu, Ming Y and Williamson, Drew FK and Chen, Tiffany Y and Chen, Richard J and Barbieri, Matteo and Mahmood, Faisal},
  journal={Nature biomedical engineering},
  volume={5},
  number={6},
  pages={555--570},
  year={2021},
  publisher={Nature Publishing Group UK London}
}

@article{shao2021transmil,
  title={Transmil: Transformer based correlated multiple instance learning for whole slide image classification},
  author={Shao, Zhuchen and Bian, Hao and Chen, Yang and Wang, Yifeng and Zhang, Jian and Ji, Xiangyang and others},
  journal={Advances in neural information processing systems},
  volume={34},
  pages={2136--2147},
  year={2021}
}

@inproceedings{zhang2022dtfd,
  title={Dtfd-mil: Double-tier feature distillation multiple instance learning for histopathology whole slide image classification},
  author={Zhang, Hongrun and Meng, Yanda and Zhao, Yitian and Qiao, Yihong and Yang, Xiaoyun and Coupland, Sarah E and Zheng, Yalin},
  booktitle={Proceedings of the IEEE/CVF Conference on Computer Vision and Pattern Recognition},
  pages={18802--18812},
  year={2022}
}

@inproceedings{feng2017deep,
  title={Deep MIML network},
  author={Feng, Ji and Zhou, Zhi-Hua},
  booktitle={Proceedings of the AAAI conference on artificial intelligence},
  volume={31},
  number={1},
  year={2017}
}

@inproceedings{hou2016patch,
  title={Patch-based convolutional neural network for whole slide tissue image classification},
  author={Hou, Le and Samaras, Dimitris and Kurc, Tahsin M and Gao, Yi and Davis, James E and Saltz, Joel H},
  booktitle={Proceedings of the IEEE conference on computer vision and pattern recognition},
  pages={2424--2433},
  year={2016}
}

@inproceedings{lerousseau2020weakly,
  title={Weakly supervised multiple instance learning histopathological tumor segmentation},
  author={Lerousseau, Marvin and Vakalopoulou, Maria and Classe, Marion and Adam, Julien and Battistella, Enzo and Carr{\'e}, Alexandre and Estienne, Th{\'e}o and Henry, Th{\'e}ophraste and Deutsch, Eric and Paragios, Nikos},
  booktitle={Medical Image Computing and Computer Assisted Intervention--MICCAI 2020: 23rd International Conference, Lima, Peru, October 4--8, 2020, Proceedings, Part V 23},
  pages={470--479},
  year={2020},
  organization={Springer}
}

@inproceedings{xu2019camel,
  title={Camel: A weakly supervised learning framework for histopathology image segmentation},
  author={Xu, Gang and Song, Zhigang and Sun, Zhuo and Ku, Calvin and Yang, Zhe and Liu, Cancheng and Wang, Shuhao and Ma, Jianpeng and Xu, Wei},
  booktitle={Proceedings of the IEEE/CVF International Conference on computer vision},
  pages={10682--10691},
  year={2019}
}

@inproceedings{sharma2021cluster,
  title={Cluster-to-conquer: A framework for end-to-end multi-instance learning for whole slide image classification},
  author={Sharma, Yash and Shrivastava, Aman and Ehsan, Lubaina and Moskaluk, Christopher A and Syed, Sana and Brown, Donald},
  booktitle={Medical Imaging with Deep Learning},
  pages={682--698},
  year={2021},
  organization={PMLR}
}

@inproceedings{zhu2017deep,
  title={Deep multi-instance networks with sparse label assignment for whole mammogram classification},
  author={Zhu, Wentao and Lou, Qi and Vang, Yeeleng Scott and Xie, Xiaohui},
  booktitle={International conference on medical image computing and computer-assisted intervention},
  pages={603--611},
  year={2017},
  organization={Springer}
}

@article{li2023task,
  title={Task-specific fine-tuning via variational information bottleneck for weakly-supervised pathology whole slide image classification},
  author={Li, Honglin and Zhu, Chenglu and Zhang, Yunlong and Sun, Yuxuan and Shui, Zhongyi and Kuang, Wenwei and Zheng, Sunyi and Yang, Lin},
  journal={arXiv preprint arXiv:2303.08446},
  year={2023}
}

@inproceedings{lowrankmil,
  title={Exploring Low-Rank Property in Multiple Instance Learning for Whole Slide Image Classification},
  author={Xiang, Jinxi and Zhang, Jun},
  booktitle={The Eleventh International Conference on Learning Representations},
  year={2023}
}

@article{jiao2021l,
  title={L1 sparsity-regularized attention multiple-instance network for hyperspectral target detection},
  author={Jiao, Changzhe and Chen, Chao and Gou, Shuiping and Wang, Xiuxiu and Yang, Bo and Chen, Xiaoying and Jiao, Licheng},
  journal={IEEE Transactions on Cybernetics},
  year={2021},
  publisher={IEEE}
}

@article{liu2022multiple,
  title={Multiple Instance Learning via Iterative Self-Paced Supervised Contrastive Learning},
  author={Liu, Kangning and Zhu, Weicheng and Shen, Yiqiu and Liu, Sheng and Razavian, Narges and Geras, Krzysztof J and Fernandez-Granda, Carlos},
  journal={arXiv preprint arXiv:2210.09452},
  year={2022}
}

@article{zheng2022graph,
  title={A graph-transformer for whole slide image classification},
  author={Zheng, Yi and Gindra, Rushin H and Green, Emily J and Burks, Eric J and Betke, Margrit and Beane, Jennifer E and Kolachalama, Vijaya B},
  journal={IEEE transactions on medical imaging},
  volume={41},
  number={11},
  pages={3003--3015},
  year={2022},
  publisher={IEEE}
}

@inproceedings{he2016deep,
  title={Deep residual learning for image recognition},
  author={He, Kaiming and Zhang, Xiangyu and Ren, Shaoqing and Sun, Jian},
  booktitle={Proceedings of the IEEE conference on computer vision and pattern recognition},
  pages={770--778},
  year={2016}
}




@inproceedings{gregor2010learning,
  title={Learning fast approximations of sparse coding},
  author={Gregor, Karol and LeCun, Yann},
  booktitle={Proceedings of the 27th international conference on international conference on machine learning},
  pages={399--406},
  year={2010}
}


@inproceedings{zhang2018ista,
  title={ISTA-Net: Interpretable optimization-inspired deep network for image compressive sensing},
  author={Zhang, Jian and Ghanem, Bernard},
  booktitle={Proceedings of the IEEE conference on computer vision and pattern recognition},
  pages={1828--1837},
  year={2018}
}

@article{scetbon2021deep,
  title={Deep k-svd denoising},
  author={Scetbon, Meyer and Elad, Michael and Milanfar, Peyman},
  journal={IEEE Transactions on Image Processing},
  volume={30},
  pages={5944--5955},
  year={2021},
  publisher={IEEE}
}


@inproceedings{resnet,
  title={Deep residual learning for image recognition},
  author={He, Kaiming and Zhang, Xiangyu and Ren, Shaoqing and Sun, Jian},
  booktitle={Proceedings of the IEEE conference on computer vision and pattern recognition},
  pages={770--778},
  year={2016}
}


@inproceedings{simlr,
  title={A simple framework for contrastive learning of visual representations},
  author={Chen, Ting and Kornblith, Simon and Norouzi, Mohammad and Hinton, Geoffrey},
  booktitle={International conference on machine learning},
  pages={1597--1607},
  year={2020},
  organization={PMLR}
}

@article{dietterich1997solving,
  title={Solving the multiple instance problem with axis-parallel rectangles},
  author={Dietterich, Thomas G and Lathrop, Richard H and Lozano-P{\'e}rez, Tom{\'a}s},
  journal={Artificial intelligence},
  volume={89},
  number={1-2},
  pages={31--71},
  year={1997},
  publisher={Elsevier}
}

@article{andrews2002support,
  title={Support vector machines for multiple-instance learning},
  author={Andrews, Stuart and Tsochantaridis, Ioannis and Hofmann, Thomas},
  journal={Advances in neural information processing systems},
  volume={15},
  year={2002}
}

@article{lookahead,
  title={Lookahead optimizer: k steps forward, 1 step back},
  author={Zhang, Michael and Lucas, James and Ba, Jimmy and Hinton, Geoffrey E},
  journal={Advances in neural information processing systems},
  volume={32},
  year={2019}
}


@inproceedings{batchnormlize,
  title={Batch normalization: Accelerating deep network training by reducing internal covariate shift},
  author={Ioffe, Sergey and Szegedy, Christian},
  booktitle={International conference on machine learning},
  pages={448--456},
  year={2015},
  organization={pmlr}
}

@article{instancenormalization,
  title={Instance normalization: The missing ingredient for fast stylization},
  author={Ulyanov, Dmitry and Vedaldi, Andrea and Lempitsky, Victor},
  journal={arXiv preprint arXiv:1607.08022},
  year={2016}
}

@article{he2012histology,
  title={Histology image analysis for carcinoma detection and grading},
  author={He, Lei and Long, L Rodney and Antani, Sameer and Thoma, George R},
  journal={Computer methods and programs in biomedicine},
  volume={107},
  number={3},
  pages={538--556},
  year={2012},
  publisher={Elsevier}
}

@article{litjens2016deep,
  title={Deep learning as a tool for increased accuracy and efficiency of histopathological diagnosis},
  author={Litjens, Geert and S{\'a}nchez, Clara I and Timofeeva, Nadya and Hermsen, Meyke and Nagtegaal, Iris and Kovacs, Iringo and Hulsbergen-Van De Kaa, Christina and Bult, Peter and Van Ginneken, Bram and Van Der Laak, Jeroen},
  journal={Scientific reports},
  volume={6},
  number={1},
  pages={1--11},
  year={2016},
  publisher={Springer}
}
@article{zhou2020comprehensive,
  title={A comprehensive review for breast histopathology image analysis using classical and deep neural networks},
  author={Zhou, Xiaomin and Li, Chen and Rahaman, Md Mamunur and Yao, Yudong and Ai, Shiliang and Sun, Changhao and Wang, Qian and Zhang, Yong and Li, Mo and Li, Xiaoyan and others},
  journal={IEEE Access},
  volume={8},
  pages={90931--90956},
  year={2020},
  publisher={IEEE}
}
@article{kather2019deep,
  title={Deep learning can predict microsatellite instability directly from histology in gastrointestinal cancer},
  author={Kather, Jakob Nikolas and Pearson, Alexander T and Halama, Niels and J{\"a}ger, Dirk and Krause, Jeremias and Loosen, Sven H and Marx, Alexander and Boor, Peter and Tacke, Frank and Neumann, Ulf Peter and others},
  journal={Nature medicine},
  volume={25},
  number={7},
  pages={1054--1056},
  year={2019},
  publisher={Nature Publishing Group US New York}
}
@article{coudray2018classification,
  title={Classification and mutation prediction from non--small cell lung cancer histopathology images using deep learning},
  author={Coudray, Nicolas and Ocampo, Paolo Santiago and Sakellaropoulos, Theodore and Narula, Navneet and Snuderl, Matija and Feny{\"o}, David and Moreira, Andre L and Razavian, Narges and Tsirigos, Aristotelis},
  journal={Nature medicine},
  volume={24},
  number={10},
  pages={1559--1567},
  year={2018},
  publisher={Nature Publishing Group US New York}
}

@inproceedings{gu2015convolutional,
  title={Convolutional sparse coding for image super-resolution},
  author={Gu, Shuhang and Zuo, Wangmeng and Xie, Qi and Meng, Deyu and Feng, Xiangchu and Zhang, Lei},
  booktitle={Proceedings of the IEEE International Conference on Computer Vision},
  pages={1823--1831},
  year={2015}
}
@inproceedings{wang2015deep,
  title={Deep networks for image super-resolution with sparse prior},
  author={Wang, Zhaowen and Liu, Ding and Yang, Jianchao and Han, Wei and Huang, Thomas},
  booktitle={Proceedings of the IEEE international conference on computer vision},
  pages={370--378},
  year={2015}
}
@article{li2022revisiting,
  title={Revisiting sparse convolutional model for visual recognition},
  author={Li, Mingyang and Zhai, Pengyuan and Tong, Shengbang and Gao, Xingjian and Huang, Shao-Lun and Zhu, Zhihui and You, Chong and Ma, Yi and others},
  journal={Advances in Neural Information Processing Systems},
  volume={35},
  pages={10492--10504},
  year={2022}
}
@article{lu2019semi,
  title={Semi-supervised histology classification using deep multiple instance learning and contrastive predictive coding},
  author={Lu, Ming Y and Chen, Richard J and Wang, Jingwen and Dillon, Debora and Mahmood, Faisal},
  journal={arXiv preprint arXiv:1910.10825},
  year={2019}
}


@inproceedings{qian2022transformer,
  title={Transformer based multiple instance learning for weakly supervised histopathology image segmentation},
  author={Qian, Ziniu and Li, Kailu and Lai, Maode and Chang, Eric I-Chao and Wei, Bingzheng and Fan, Yubo and Xu, Yan},
  booktitle={Medical Image Computing and Computer Assisted Intervention--MICCAI 2022: 25th International Conference, Singapore, September 18--22, 2022, Proceedings, Part II},
  pages={160--170},
  year={2022},
  organization={Springer}
}

@article{bejnordi2017diagnostic,
  title={Diagnostic assessment of deep learning algorithms for detection of lymph node metastases in women with breast cancer},
  author={Bejnordi, Babak Ehteshami and Veta, Mitko and Van Diest, Paul Johannes and Van Ginneken, Bram and Karssemeijer, Nico and Litjens, Geert and Van Der Laak, Jeroen AWM and Hermsen, Meyke and Manson, Quirine F and Balkenhol, Maschenka and others},
  journal={Jama},
  volume={318},
  number={22},
  pages={2199--2210},
  year={2017},
  publisher={American Medical Association}
}

@inproceedings{zhao2020predicting,
  title={Predicting lymph node metastasis using histopathological images based on multiple instance learning with deep graph convolution},
  author={Zhao, Yu and Yang, Fan and Fang, Yuqi and Liu, Hailing and Zhou, Niyun and Zhang, Jun and Sun, Jiarui and Yang, Sen and Menze, Bjoern and Fan, Xinjuan and others},
  booktitle={Proceedings of the IEEE/CVF Conference on Computer Vision and Pattern Recognition},
  pages={4837--4846},
  year={2020}
}
@article{lecun1998gradient,
  title={Gradient-based learning applied to document recognition},
  author={LeCun, Yann and Bottou, L{\'e}on and Bengio, Yoshua and Haffner, Patrick},
  journal={Proceedings of the IEEE},
  volume={86},
  number={11},
  pages={2278--2324},
  year={1998},
  publisher={Ieee}
}


@inproceedings{self,
  title={Self-supervised equivariant regularization reconciles multiple-instance learning: joint referable diabetic retinopathy classification and lesion segmentation},
  author={Zhu, Wenhui and Qiu, Peijie and Lepore, Natasha and Dumitrascu, Oana M and Wang, Yalin},
  booktitle={18th International Symposium on Medical Information Processing and Analysis},
  volume={12567},
  pages={100--107},
  year={2023},
  organization={SPIE}
}
@inproceedings{qayyum2015designing,
  title={Designing of overcomplete dictionaries based on DCT and DWT},
  author={Qayyum, Abdul and Malik, Aamir Saeed and Naufal, Mohamad and Saad, Mohamad and Mazher, Moona and Abdullah, Faris and Abdullah, Tuan Ab Rashid Bin Tuan},
  booktitle={2015 IEEE Student Symposium in Biomedical Engineering \& Sciences (ISSBES)},
  pages={134--139},
  year={2015},
  organization={IEEE}
}

@inproceedings{pal2022bag,
  title={Bag graph: Multiple instance learning using bayesian graph neural networks},
  author={Pal, Soumyasundar and Valkanas, Antonios and Regol, Florence and Coates, Mark},
  booktitle={Proceedings of the AAAI Conference on Artificial Intelligence},
  volume={36},
  number={7},
  pages={7922--7930},
  year={2022}
}

@article{dropout,
  author  = {Nitish Srivastava and Geoffrey Hinton and Alex Krizhevsky and Ilya Sutskever and Ruslan Salakhutdinov},
  title   = {Dropout: A Simple Way to Prevent Neural Networks from Overfitting},
  journal = {Journal of Machine Learning Research},
  year    = {2014},
  volume  = {15},
  number  = {56},
  pages   = {1929--1958},
  url     = {http://jmlr.org/papers/v15/srivastava14a.html}
}

@inproceedings{maxdrop,
  title={Analysis on the Dropout Effect in Convolutional Neural Networks},
  author={Sungheon Park and Nojun Kwak},
  booktitle={Asian Conference on Computer Vision},
  year={2016}
}


@article{dropout_naive,
  title={Improving neural networks by preventing co-adaptation of feature detectors},
  author={Hinton, Geoffrey E and Srivastava, Nitish and Krizhevsky, Alex and Sutskever, Ilya and Salakhutdinov, Ruslan R},
  journal={arXiv preprint arXiv:1207.0580},
  year={2012}
}


@inproceedings{attdrop,
  title={Attention-based dropout layer for weakly supervised object localization},
  author={Choe, Junsuk and Shim, Hyunjung},
  booktitle={Proceedings of the IEEE/CVF Conference on Computer Vision and Pattern Recognition},
  pages={2219--2228},
  year={2019}
}


@article{ghiasi2018dropblock,
  title={Dropblock: A regularization method for convolutional networks},
  author={Ghiasi, Golnaz and Lin, Tsung-Yi and Le, Quoc V},
  journal={Advances in neural information processing systems},
  volume={31},
  year={2018}
}


@inproceedings{dropout1d,
  title={Efficient object localization using convolutional networks},
  author={Tompson, Jonathan and Goroshin, Ross and Jain, Arjun and LeCun, Yann and Bregler, Christoph},
  booktitle={Proceedings of the IEEE conference on computer vision and pattern recognition},
  pages={648--656},
  year={2015}
}


@inproceedings{nlinear,
  title={Non-linearly Spaced Vector Generator},
  author={Connor Ott},
  booktitle={ MATLAB Central File Exchange. Retrieved June 22, 2023.},
  year={2023}
}


@article{droppath,
  title={Fractalnet: Ultra-deep neural networks without residuals},
  author={Larsson, Gustav and Maire, Michael and Shakhnarovich, Gregory},
  journal={arXiv preprint arXiv:1605.07648},
  year={2016}
}

@inproceedings{droppathscheduler,
  title={Learning transferable architectures for scalable image recognition},
  author={Zoph, Barret and Vasudevan, Vijay and Shlens, Jonathon and Le, Quoc V},
  booktitle={Proceedings of the IEEE conference on computer vision and pattern recognition},
  pages={8697--8710},
  year={2018}
}

@inproceedings{drug,
  title={Implementation of multiple-instance learning in drug activity prediction},
  author={Fu, Gang and Nan, Xiaofei and Liu, Haining and Patel, Ronak Y and Daga, Pankaj R and Chen, Yixin and Wilkins, Dawn E and Doerksen, Robert J},
  booktitle={BMC bioinformatics},
  volume={13},
  number={15},
  pages={1--12},
  year={2012},
  organization={BioMed Central}
}


@article{segmentation,
  title={Multiple-instance learning for medical image and video analysis},
  author={Quellec, Gwenol{\'e} and Cazuguel, Guy and Cochener, B{\'e}atrice and Lamard, Mathieu},
  journal={IEEE reviews in biomedical engineering},
  volume={10},
  pages={213--234},
  year={2017},
  publisher={IEEE}
}

@inproceedings{tumor,
  title={Patch-based convolutional neural network for whole slide tissue image classification},
  author={Hou, Le and Samaras, Dimitris and Kurc, Tahsin M and Gao, Yi and Davis, James E and Saltz, Joel H},
  booktitle={Proceedings of the IEEE conference on computer vision and pattern recognition},
  pages={2424--2433},
  year={2016}
}



@incollection{WSI_reason,
  title={Analysis of histopathology images: From traditional machine learning to deep learning},
  author={Jimenez-del-Toro, Oscar and Ot{\'a}lora, Sebastian and Andersson, Mats and Eur{\'e}n, Kristian and Hedlund, Martin and Rousson, Mikael and M{\"u}ller, Henning and Atzori, Manfredo},
  booktitle={Biomedical Texture Analysis},
  pages={281--314},
  year={2017},
  publisher={Elsevier}
}



@article{overfitting1,
  title={Multiple-instance learning approach via bayesian extreme learning machine},
  author={Wang, Peipei and Zheng, Xinqi and Ku, Junhua and Wang, Chunning},
  journal={IEEE Access},
  volume={8},
  pages={62458--62470},
  year={2020},
  publisher={IEEE}
}


@inproceedings{overfitting2,
  title={Diversified multiple instance learning for document-level multi-aspect sentiment classification},
  author={Ji, Yunjie and Liu, Hao and He, Bolei and Xiao, Xinyan and Wu, Hua and Yu, Yanhua},
  booktitle={Proceedings of the 2020 conference on empirical methods in natural language processing (EMNLP)},
  pages={7012--7023},
  year={2020}
}


@article{overfitting3,
  title={Semi-supervised histology classification using deep multiple instance learning and contrastive predictive coding},
  author={Lu, Ming Y and Chen, Richard J and Wang, Jingwen and Dillon, Debora and Mahmood, Faisal},
  journal={arXiv preprint arXiv:1910.10825},
  year={2019}
}



@article{regularization_1,
  title={Regularization theory and neural networks architectures},
  author={Girosi, Federico and Jones, Michael and Poggio, Tomaso},
  journal={Neural computation},
  volume={7},
  number={2},
  pages={219--269},
  year={1995},
  publisher={MIT Press}
}



@article{regularization_2,
  title={Regularization for deep learning},
  author={Bisong, Ekaba and Bisong, Ekaba},
  journal={Building Machine Learning and Deep Learning Models on Google Cloud Platform: A Comprehensive Guide for Beginners},
  pages={415--421},
  year={2019},
  publisher={Springer}
}

@article{regularization_3,
  title={A survey of regularization strategies for deep models},
  author={Moradi, Reza and Berangi, Reza and Minaei, Behrouz},
  journal={Artificial Intelligence Review},
  volume={53},
  pages={3947--3986},
  year={2020},
  publisher={Springer}
}


@inproceedings{simplecontrastivelearning,
  title={A simple framework for contrastive learning of visual representations},
  author={Chen, Ting and Kornblith, Simon and Norouzi, Mohammad and Hinton, Geoffrey},
  booktitle={International conference on machine learning},
  pages={1597--1607},
  year={2020},
  organization={PMLR}
}





@article{clam-sb,
  title={Data-efficient and weakly supervised computational pathology on whole-slide images},
  author={Lu, Ming Y and Williamson, Drew FK and Chen, Tiffany Y and Chen, Richard J and Barbieri, Matteo and Mahmood, Faisal},
  journal={Nature Biomedical Engineering},
  volume={5},
  number={6},
  pages={555--570},
  year={2021},
  publisher={Nature Publishing Group}
}


@article{sharedtumor,
  title={Exploring Histological Similarities Across Cancers From a Deep Learning Perspective},
  author={Menon, Ashish and Singh, Piyush and Vinod, PK and Jawahar, CV},
  journal={Frontiers in Oncology},
  volume={12},
  pages={842759},
  year={2022},
  publisher={Frontiers Media SA}
}


@inproceedings{nys,
  title={Nystr{\"o}mformer: A nystr{\"o}m-based algorithm for approximating self-attention},
  author={Xiong, Yunyang and Zeng, Zhanpeng and Chakraborty, Rudrasis and Tan, Mingxing and Fung, Glenn and Li, Yin and Singh, Vikas},
  booktitle={Proceedings of the AAAI Conference on Artificial Intelligence},
  volume={35},
  number={16},
  pages={14138--14148},
  year={2021}
}


@article{Linformer,
  title={Linformer: Self-attention with linear complexity},
  author={Wang, Sinong and Li, Belinda Z and Khabsa, Madian and Fang, Han and Ma, Hao},
  journal={arXiv preprint arXiv:2006.04768},
  year={2020}
}


@article{layernormlization,
  title={Layer normalization},
  author={Ba, Jimmy Lei and Kiros, Jamie Ryan and Hinton, Geoffrey E},
  journal={arXiv preprint arXiv:1607.06450},
  year={2016}
}


@inproceedings{crossattention,
  title={Likert scoring with grade decoupling for long-term action assessment},
  author={Xu, Angchi and Zeng, Ling-An and Zheng, Wei-Shi},
  booktitle={Proceedings of the IEEE/CVF Conference on Computer Vision and Pattern Recognition},
  pages={3232--3241},
  year={2022}
}

@article{crossattention2,
  title={Attention is all you need},
  author={Vaswani, Ashish and Shazeer, Noam and Parmar, Niki and Uszkoreit, Jakob and Jones, Llion and Gomez, Aidan N and Kaiser, {\L}ukasz and Polosukhin, Illia},
  journal={Advances in neural information processing systems},
  volume={30},
  year={2017}
}

@inproceedings{crossattention3,
  title={Lesion-aware transformers for diabetic retinopathy grading},
  author={Sun, Rui and Li, Yihao and Zhang, Tianzhu and Mao, Zhendong and Wu, Feng and Zhang, Yongdong},
  booktitle={Proceedings of the IEEE/CVF Conference on Computer Vision and Pattern Recognition},
  pages={10938--10947},
  year={2021}
}


@inproceedings{tripleloss,
  title={Learning local feature descriptors with triplets and shallow convolutional neural networks.},
  author={Balntas, Vassileios and Riba, Edgar and Ponsa, Daniel and Mikolajczyk, Krystian},
  booktitle={Bmvc},
  volume={1},
  number={2},
  pages={3},
  year={2016}
}


@article{PDL,
  title={PDL: Regularizing Multiple Instance Learning with Progressive Dropout Layers},
  author={Zhu, Wenhui and Qiu, Peijie and Dumitrascu, Oana M and Wang, Yalin},
  journal={arXiv preprint arXiv:2308.10112},
  year={2023}
}


@article{vit,
  title={An image is worth 16x16 words: Transformers for image recognition at scale},
  author={Dosovitskiy, Alexey and Beyer, Lucas and Kolesnikov, Alexander and Weissenborn, Dirk and Zhai, Xiaohua and Unterthiner, Thomas and Dehghani, Mostafa and Minderer, Matthias and Heigold, Georg and Gelly, Sylvain and others},
  journal={arXiv preprint arXiv:2010.11929},
  year={2020}
}

@inproceedings{xiong2021nystromformer,
  title={Nystr{\"o}mformer: A nystr{\"o}m-based algorithm for approximating self-attention},
  author={Xiong, Yunyang and Zeng, Zhanpeng and Chakraborty, Rudrasis and Tan, Mingxing and Fung, Glenn and Li, Yin and Singh, Vikas},
  booktitle={Proceedings of the AAAI Conference on Artificial Intelligence},
  volume={35},
  number={16},
  pages={14138--14148},
  year={2021}
}


@article{yu2020learning,
  title={Learning diverse and discriminative representations via the principle of maximal coding rate reduction},
  author={Yu, Yaodong and Chan, Kwan Ho Ryan and You, Chong and Song, Chaobing and Ma, Yi},
  journal={Advances in Neural Information Processing Systems},
  volume={33},
  pages={9422--9434},
  year={2020}
}

@article{chu2023image,
  title={Image Clustering via the Principle of Rate Reduction in the Age of Pretrained Models},
  author={Chu, Tianzhe and Tong, Shengbang and Ding, Tianjiao and Dai, Xili and Haeffele, Benjamin David and Vidal, Rene and Ma, Yi},
  journal={arXiv preprint arXiv:2306.05272},
  year={2023}
}

@article{chan2022redunet,
  title={ReduNet: A white-box deep network from the principle of maximizing rate reduction},
  author={Chan, Kwan Ho Ryan and Yu, Yaodong and You, Chong and Qi, Haozhi and Wright, John and Ma, Yi},
  journal={The Journal of Machine Learning Research},
  volume={23},
  number={1},
  pages={4907--5009},
  year={2022},
  publisher={JMLRORG}
}



@article{attentionisallyouneed,
  title={Attention is all you need},
  author={Vaswani, Ashish and Shazeer, Noam and Parmar, Niki and Uszkoreit, Jakob and Jones, Llion and Gomez, Aidan N and Kaiser, {\L}ukasz and Polosukhin, Illia},
  journal={Advances in neural information processing systems},
  volume={30},
  year={2017}
}


@inproceedings{swimtransformer,
  title={Swin transformer: Hierarchical vision transformer using shifted windows},
  author={Liu, Ze and Lin, Yutong and Cao, Yue and Hu, Han and Wei, Yixuan and Zhang, Zheng and Lin, Stephen and Guo, Baining},
  booktitle={Proceedings of the IEEE/CVF international conference on computer vision},
  pages={10012--10022},
  year={2021}
}

@inproceedings{carion2020end,
  title={End-to-end object detection with transformers},
  author={Carion, Nicolas and Massa, Francisco and Synnaeve, Gabriel and Usunier, Nicolas and Kirillov, Alexander and Zagoruyko, Sergey},
  booktitle={European conference on computer vision},
  pages={213--229},
  year={2020},
  organization={Springer}
}



@inproceedings{timeserise1,
  title={Informer: Beyond efficient transformer for long sequence time-series forecasting},
  author={Zhou, Haoyi and Zhang, Shanghang and Peng, Jieqi and Zhang, Shuai and Li, Jianxin and Xiong, Hui and Zhang, Wancai},
  booktitle={Proceedings of the AAAI conference on artificial intelligence},
  volume={35},
  number={12},
  pages={11106--11115},
  year={2021}
}

@article{timeserise2,
  title={Autoformer: Decomposition transformers with auto-correlation for long-term series forecasting},
  author={Wu, Haixu and Xu, Jiehui and Wang, Jianmin and Long, Mingsheng},
  journal={Advances in Neural Information Processing Systems},
  volume={34},
  pages={22419--22430},
  year={2021}
}


@article{nlp1,
  title={Bert: Pre-training of deep bidirectional transformers for language understanding},
  author={Devlin, Jacob and Chang, Ming-Wei and Lee, Kenton and Toutanova, Kristina},
  journal={arXiv preprint arXiv:1810.04805},
  year={2018}
}


@article{nlp2,
  title={Language models are unsupervised multitask learners},
  author={Radford, Alec and Wu, Jeffrey and Child, Rewon and Luan, David and Amodei, Dario and Sutskever, Ilya and others},
  journal={OpenAI blog},
  volume={1},
  number={8},
  pages={9},
  year={2019}
}
@inproceedings{nlp3,
  title={Learning transferable visual models from natural language supervision},
  author={Radford, Alec and Kim, Jong Wook and Hallacy, Chris and Ramesh, Aditya and Goh, Gabriel and Agarwal, Sandhini and Sastry, Girish and Askell, Amanda and Mishkin, Pamela and Clark, Jack and others},
  booktitle={International conference on machine learning},
  pages={8748--8763},
  year={2021},
  organization={PMLR}
}



@book{cover1999elements,
  title={Elements of information theory},
  author={Cover, Thomas M},
  year={1999},
  publisher={John Wiley \& Sons}
}

@article{ma2007segmentation,
  title={Segmentation of multivariate mixed data via lossy data coding and compression},
  author={Ma, Yi and Derksen, Harm and Hong, Wei and Wright, John},
  journal={IEEE transactions on pattern analysis and machine intelligence},
  volume={29},
  number={9},
  pages={1546--1562},
  year={2007},
  publisher={IEEE}
}




@article{similaritysupport,
  title={Bioinformatics analysis of whole slide images reveals significant neighborhood preferences of tumor cells in Hodgkin lymphoma},
  author={Hannig, Jennifer and Sch{\"a}fer, Hendrik and Ackermann, J{\"o}rg and Hebel, Marie and Sch{\"a}fer, Tim and D{\"o}ring, Claudia and Hartmann, Sylvia and Hansmann, Martin-Leo and Koch, Ina},
  journal={PLOS Computational Biology},
  volume={16},
  number={1},
  pages={e1007516},
  year={2020},
  publisher={Public Library of Science San Francisco, CA USA}
}


@inproceedings{comparison,
  title={A comparison of histopathology imaging comprehension algorithms based on multiple instance learning},
  author={Saunders, Adam and Dash, Sajal and Tsaris, Aristeidis and Yoon, Hong-Jun},
  booktitle={Medical Imaging 2023: Digital and Computational Pathology},
  volume={12471},
  pages={424--432},
  year={2023},
  organization={SPIE}
}

@inproceedings{attentioncloppe,
  title={Attention is not all you need: Pure attention loses rank doubly exponentially with depth},
  author={Dong, Yihe and Cordonnier, Jean-Baptiste and Loukas, Andreas},
  booktitle={International Conference on Machine Learning},
  pages={2793--2803},
  year={2021},
  organization={PMLR}
}

@article{attentioncollapse2,
  title={Deepvit: Towards deeper vision transformer},
  author={Zhou, Daquan and Kang, Bingyi and Jin, Xiaojie and Yang, Linjie and Lian, Xiaochen and Jiang, Zihang and Hou, Qibin and Feng, Jiashi},
  journal={arXiv preprint arXiv:2103.11886},
  year={2021}
}


@inproceedings{qu2023boosting,
  title={Boosting Whole Slide Image Classification from the Perspectives of Distribution, Correlation and Magnification},
  author={Qu, Linhao and Yang, Zhiwei and Duan, Minghong and Ma, Yingfan and Wang, Shuo and Wang, Manning and Song, Zhijian},
  booktitle={Proceedings of the IEEE/CVF International Conference on Computer Vision},
  pages={21463--21473},
  year={2023}
}


@article{end2endsupport,
  title={Semi-supervised histology classification using deep multiple instance learning and contrastive predictive coding},
  author={Lu, Ming Y and Chen, Richard J and Wang, Jingwen and Dillon, Debora and Mahmood, Faisal},
  journal={arXiv preprint arXiv:1910.10825},
  year={2019}
}

@article{end2endsupport2,
  title={Clinical-grade computational pathology using weakly supervised deep learning on whole slide images},
  author={Campanella, Gabriele and Hanna, Matthew G and Geneslaw, Luke and Miraflor, Allen and Werneck Krauss Silva, Vitor and Busam, Klaus J and Brogi, Edi and Reuter, Victor E and Klimstra, David S and Fuchs, Thomas J},
  journal={Nature medicine},
  volume={25},
  number={8},
  pages={1301--1309},
  year={2019},
  publisher={Nature Publishing Group US New York}
}


@inproceedings{end2end1,
  title={Task-specific fine-tuning via variational information bottleneck for weakly-supervised pathology whole slide image classification},
  author={Li, Honglin and Zhu, Chenglu and Zhang, Yunlong and Sun, Yuxuan and Shui, Zhongyi and Kuang, Wenwei and Zheng, Sunyi and Yang, Lin},
  booktitle={Proceedings of the IEEE/CVF Conference on Computer Vision and Pattern Recognition},
  pages={7454--7463},
  year={2023}
}

@inproceedings{end2end3,
  title={Multiple instance learning via iterative self-paced supervised contrastive learning},
  author={Liu, Kangning and Zhu, Weicheng and Shen, Yiqiu and Liu, Sheng and Razavian, Narges and Geras, Krzysztof J and Fernandez-Granda, Carlos},
  booktitle={Proceedings of the IEEE/CVF Conference on Computer Vision and Pattern Recognition},
  pages={3355--3365},
  year={2023}
}

@inproceedings{end2end2,
  title={Benchmarking Self-Supervised Learning on Diverse Pathology Datasets},
  author={Kang, Mingu and Song, Heon and Park, Seonwook and Yoo, Donggeun and Pereira, S{\'e}rgio},
  booktitle={Proceedings of the IEEE/CVF Conference on Computer Vision and Pattern Recognition},
  pages={3344--3354},
  year={2023}
}

@inproceedings{plp,
  title={Interventional bag multi-instance learning on whole-slide pathological images},
  author={Lin, Tiancheng and Yu, Zhimiao and Hu, Hongyu and Xu, Yi and Chen, Chang-Wen},
  booktitle={Proceedings of the IEEE/CVF Conference on Computer Vision and Pattern Recognition},
  pages={19830--19839},
  year={2023}
}

@article{qiu2023sc,
  title={SC-MIL: Sparsely Coded Multiple Instance Learning for Whole Slide Image Classification},
  author={Qiu, Peijie and Xiao, Pan and Zhu, Wenhui and Wang, Yalin and Sotiras, Aristeidis},
  journal={arXiv preprint arXiv:2311.00048},
  year={2023}
}



@InProceedings{plp2,
    author    = {Qu, Linhao and Yang, Zhiwei and Duan, Minghong and Ma, Yingfan and Wang, Shuo and Wang, Manning and Song, Zhijian},
    title     = {Boosting Whole Slide Image Classification from the Perspectives of Distribution, Correlation and Magnification},
    booktitle = {Proceedings of the IEEE/CVF International Conference  Computer Vision (ICCV)},
    month     = {October},
    year      = {2023},
    pages     = {21463-21473}
}

@InProceedings{end2end4,
    author    = {Tang, Wenhao and Huang, Sheng and Zhang, Xiaoxian and Zhou, Fengtao and Zhang, Yi and Liu, Bo},
    title     = {Multiple Instance Learning Framework with Masked Hard Instance Mining for Whole Slide Image Classification},
    booktitle = {Proceedings of the IEEE/CVF International Conference on Computer Vision (ICCV)},
    month     = {October},
    year      = {2023},
    pages     = {4078-4087}
}

@article{wang2020linformer,
  title={Linformer: Self-attention with linear complexity},
  author={Wang, Sinong and Li, Belinda Z and Khabsa, Madian and Fang, Han and Ma, Hao},
  journal={arXiv preprint arXiv:2006.04768},
  year={2020}
}

@inproceedings{shen2021efficient,
  title={Efficient attention: Attention with linear complexities},
  author={Shen, Zhuoran and Zhang, Mingyuan and Zhao, Haiyu and Yi, Shuai and Li, Hongsheng},
  booktitle={Proceedings of the IEEE/CVF winter conference on applications of computer vision},
  pages={3531--3539},
  year={2021}
}

@article{guo2022beyond,
  title={Beyond self-attention: External attention using two linear layers for visual tasks},
  author={Guo, Meng-Hao and Liu, Zheng-Ning and Mu, Tai-Jiang and Hu, Shi-Min},
  journal={IEEE Transactions on Pattern Analysis and Machine Intelligence},
  volume={45},
  number={5},
  pages={5436--5447},
  year={2022},
  publisher={IEEE}
}

@article{ruoss2023randomized,
  title={Randomized Positional Encodings Boost Length Generalization of Transformers},
  author={Ruoss, Anian and Del{\'e}tang, Gr{\'e}goire and Genewein, Tim and Grau-Moya, Jordi and Csord{\'a}s, R{\'o}bert and Bennani, Mehdi and Legg, Shane and Veness, Joel},
  journal={arXiv preprint arXiv:2305.16843},
  year={2023}
}

@article{bhattamishra2020computational,
  title={On the computational power of transformers and its implications in sequence modeling},
  author={Bhattamishra, Satwik and Patel, Arkil and Goyal, Navin},
  journal={arXiv preprint arXiv:2006.09286},
  year={2020}
}

@article{clinicdiversity3,
  title={Tumor heterogeneity: causes and consequences},
  author={Marusyk, Andriy and Polyak, Kornelia},
  journal={Biochimica et Biophysica Acta (BBA)-Reviews on Cancer},
  volume={1805},
  number={1},
  pages={105--117},
  year={2010},
  publisher={Elsevier}
}

@article{clinicdiversity5,
  title={Integrative spatial analysis of cell morphologies and transcriptional states with MUSE},
  author={Bao, Feng and Deng, Yue and Wan, Sen and Shen, Susan Q and Wang, Bo and Dai, Qionghai and Altschuler, Steven J and Wu, Lani F},
  journal={Nature biotechnology},
  volume={40},
  number={8},
  pages={1200--1209},
  year={2022},
  publisher={Nature Publishing Group US New York}
}

@article{clinicdiversity4,
  title={Pan-cancer analysis of the extent and consequences of intratumor heterogeneity},
  author={Andor, Noemi and Graham, Trevor A and Jansen, Marnix and Xia, Li C and Aktipis, C Athena and Petritsch, Claudia and Ji, Hanlee P and Maley, Carlo C},
  journal={Nature medicine},
  volume={22},
  number={1},
  pages={105--113},
  year={2016},
  publisher={Nature Publishing Group US New York}
}

@article{clinicdiversity,
  title={Single-cell morphological and topological atlas reveals the ecosystem diversity of human breast cancer},
  author={Zhao, Shen and Chen, De-Pin and Fu, Tong and Yang, Jing-Cheng and Ma, Ding and Zhu, Xiu-Zhi and Wang, Xiang-Xue and Jiao, Yi-Ping and Jin, Xi and Xiao, Yi and others},
  journal={Nature Communications},
  volume={14},
  number={1},
  pages={6796},
  year={2023},
  publisher={Nature Publishing Group UK London}
}


@article{clinicdiversity2,
  title={The causes and consequences of genetic heterogeneity in cancer evolution},
  author={Burrell, Rebecca A and McGranahan, Nicholas and Bartek, Jiri and Swanton, Charles},
  journal={Nature},
  volume={501},
  number={7467},
  pages={338--345},
  year={2013},
  publisher={Nature Publishing Group UK London}
}

@book{baba2007comparative,
  title={Comparative oncology},
  author={Baba, Alecsandru Ioan and C{\^a}toi, Cornel},
  year={2007},
  publisher={Publishing House of the Romanian Academy Bucharest}
}

@article{almagro2022tissue,
  title={Tissue architecture in tumor initiation and progression},
  author={Almagro, Jorge and Messal, Hendrik A and Elosegui-Artola, Alberto and van Rheenen, Jacco and Behrens, Axel},
  journal={Trends in Cancer},
  volume={8},
  number={6},
  pages={494--505},
  year={2022},
  publisher={Elsevier}
}

@inproceedings{lin2023interventional,
  title={Interventional bag multi-instance learning on whole-slide pathological images},
  author={Lin, Tiancheng and Yu, Zhimiao and Hu, Hongyu and Xu, Yi and Chen, Chang-Wen},
  booktitle={Proceedings of the IEEE/CVF Conference on Computer Vision and Pattern Recognition},
  pages={19830--19839},
  year={2023}
}

@article{derezinski2021determinantal,
  title={Determinantal point processes in randomized numerical linear algebra},
  author={Derezinski, Micha{\l} and Mahoney, Michael W},
  journal={Notices of the American Mathematical Society},
  volume={68},
  number={1},
  pages={34--45},
  year={2021}
}


@article{tpmil,
  title={TPMIL: Trainable Prototype Enhanced Multiple Instance Learning for Whole Slide Image Classification},
  author={Yang, Litao and Mehta, Deval and Liu, Sidong and Mahapatra, Dwarikanath and Di Ieva, Antonio and Ge, Zongyuan},
  journal={arXiv preprint arXiv:2305.00696},
  year={2023}
}


@article{scmil,
  title={SCL-WC: Cross-slide contrastive learning for weakly-supervised whole-slide image classification},
  author={Wang, Xiyue and Xiang, Jinxi and Zhang, Jun and Yang, Sen and Yang, Zhongyi and Wang, Ming-Hui and Zhang, Jing and Yang, Wei and Huang, Junzhou and Han, Xiao},
  journal={Advances in neural information processing systems},
  volume={35},
  pages={18009--18021},
  year={2022}
}

@article{pmil,
  title={Prototypical multiple instance learning for predicting lymph node metastasis of breast cancer from whole-slide pathological images},
  author={Yu, Jin-Gang and Wu, Zihao and Ming, Yu and Deng, Shule and Li, Yuanqing and Ou, Caifeng and He, Chunjiang and Wang, Baiye and Zhang, Pusheng and Wang, Yu},
  journal={Medical Image Analysis},
  volume={85},
  pages={102748},
  year={2023},
  publisher={Elsevier}
}

@inproceedings{iterself,
  title={Multiple instance learning via iterative self-paced supervised contrastive learning},
  author={Liu, Kangning and Zhu, Weicheng and Shen, Yiqiu and Liu, Sheng and Razavian, Narges and Geras, Krzysztof J and Fernandez-Granda, Carlos},
  booktitle={Proceedings of the IEEE/CVF Conference on Computer Vision and Pattern Recognition},
  pages={3355--3365},
  year={2023}
}

@article{demvsar2006statistical,
  title={Statistical comparisons of classifiers over multiple data sets},
  author={Dem{\v{s}}ar, Janez},
  journal={The Journal of Machine learning research},
  volume={7},
  pages={1--30},
  year={2006},
  publisher={JMLR. org}
}

@inproceedings{
early2024inherently,
title={Inherently Interpretable Time Series Classification via Multiple Instance Learning},
author={Joseph Early and Gavin Cheung and Kurt Cutajar and Hanting Xie and Jas Kandola and Niall Twomey},
booktitle={The Twelfth International Conference on Learning Representations},
year={2024},
}

@inproceedings{
chen2024timemil,
title={Time{MIL}: Advancing Multivariate Time Series Classification via a Time-aware Multiple Instance Learning},
author={Xiwen Chen and Peijie Qiu and Wenhui Zhu and Huayu Li and Hao Wang and Aristeidis Sotiras and Yalin Wang and Abolfazl Razi},
booktitle={Forty-first International Conference on Machine Learning},
year={2024},
}

@article{quellec2017multiple,
  title={Multiple-instance learning for medical image and video analysis},
  author={Quellec, Gwenol{\'e} and Cazuguel, Guy and Cochener, B{\'e}atrice and Lamard, Mathieu},
  journal={IEEE reviews in biomedical engineering},
  volume={10},
  pages={213--234},
  year={2017},
  publisher={IEEE}
}

@article{babenko2010robust,
  title={Robust object tracking with online multiple instance learning},
  author={Babenko, Boris and Yang, Ming-Hsuan and Belongie, Serge},
  journal={IEEE transactions on pattern analysis and machine intelligence},
  volume={33},
  number={8},
  pages={1619--1632},
  year={2010},
  publisher={IEEE}
}