@MISC {StackOverflowNestedBigO,
    TITLE = {Nested Big O-notation},
    AUTHOR = {Raphael},
    HOWPUBLISHED = {Computer Science Stack Exchange},
    NOTE = {URL:https://cs.stackexchange.com/q/4919 (version: 2012-10-07)},
    EPRINT = {https://cs.stackexchange.com/q/4919},
    URL = {https://cs.stackexchange.com/q/4919}
}

@techreport{bentley1977algorithms,
  title={Algorithms for {Klee}’s rectangle problems},
  author={Bentley, Jon Louis},
  year={1977},
  institution={Technical Report}
}

@article{pibiri2021practical,
  title={Practical trade-offs for the prefix-sum problem},
  author={Pibiri, Giulio Ermanno and Venturini, Rossano},
  journal={Software: Practice and Experience},
  volume={51},
  number={5},
  pages={921--949},
  year={2021},
  publisher={Wiley Online Library}
}

@article{fenwick1994new,
  title={A new data structure for cumulative frequency tables},
  author={Fenwick, Peter M},
  journal={Software: Practice and Experience},
  volume={24},
  number={3},
  pages={327--336},
  year={1994},
  publisher={Wiley Online Library}
}

@inproceedings{indyk2023worst,
  title={Worst-case performance of popular approximate nearest neighbor search implementations: Guarantees and limitations},
  author={Indyk, Piotr and Xu, Haike},
  booktitle={Advances in Neural Information Processing Systems},
  year={2023}
}

@article{andoni2008near,
  title={Near-optimal hashing algorithms for approximate nearest neighbor in high dimensions},
  author={Andoni, Alexandr and Indyk, Piotr},
  journal={Communications of the ACM},
  volume={51},
  number={1},
  pages={117--122},
  year={2008},
  publisher={ACM New York, NY, USA}
}

@inproceedings{arya1993approximate,
  title={Approximate nearest neighbor queries in fixed dimensions},
  author={Arya, Sunil and Mount, David M.},
  booktitle={ACM-SIAM Symposium on Discrete Algorithms},
  pages={271--280},
  year={1993},
}

@inproceedings{filtereddiskANN,
author = {Gollapudi, Siddharth and Karia, Neel and Sivashankar, Varun and Krishnaswamy, Ravishankar and Begwani, Nikit and Raz, Swapnil and Lin, Yiyong and Zhang, Yin and Mahapatro, Neelam and Srinivasan, Premkumar and Singh, Amit and Simhadri, Harsha Vardhan},
title = {Filtered-{DiskANN}: Graph Algorithms for Approximate Nearest Neighbor Search with Filters},
year = {2023},
booktitle = {ACM Web Conference},
pages = {3406–3416},
numpages = {11},
}

% below few citations taken from FilteredDiskANN
@misc{milvus2022hybridsearch,
  title={Milvus-docs: Conduct a Hybrid Search},
  year={2022},
  url={https://github.com/milvus-io/milvus-docs/blob/v2.1.x/site/en/userGuide/search/hybridsearch.md},
}

@misc{vearch2022search,
  title={Vearch Doc Operation: Search},
  year={2022},
  url={https://vearch.readthedocs.io/en/latest/use_op/op_doc.html?highlight=filter#search},
}

@misc{vespa2022semistructured,
  title={Vespa use cases: Semi-structured navigation},
  year={2022},
  url={https://docs.vespa.ai/en/attributes.html},
}

@misc{weaviate2022filters,
  title={Weaviate Documentation: Filters},
  year={2022},
  url={https://weaviate.io/developers/weaviate/current/graphql-references/filters.html},
}

% end FilteredDiskANN citations

@misc{pinecone2024overview,
  title={Overview},
  author={{Pinecone Systems, Inc.}},
  year={2024},
  url={https://docs.pinecone.io/docs/overview},
}

@article{douze2024faiss,
  title={The {Faiss} library},
  author={Douze, Matthijs and Guzhva, Alexandr and Deng, Chengqi and Johnson, Jeff and Szilvasy, Gergely and Mazaré, Pierre-Emmanuel and Lomeli, Maria and Hosseini, Lucas and Jégou, Hervé},
  journal={arXiv e-prints},
  year={2024},
}

@misc{gupta2023caps,
      title={{CAPS}: A Practical Partition Index for Filtered Similarity Search}, 
      author={Gaurav Gupta and Jonah Yi and Benjamin Coleman and Chen Luo and Vihan Lakshman and Anshumali Shrivastava},
      year={2023},
      eprint={2308.15014},
      archivePrefix={arXiv},
      primaryClass={cs.IR}
}

@inproceedings {vbase,
author = {Qianxi Zhang and Shuotao Xu and Qi Chen and Guoxin Sui and Jiadong Xie and Zhizhen Cai and Yaoqi Chen and Yinxuan He and Yuqing Yang and Fan Yang and Mao Yang and Lidong Zhou},
title = {{VBASE}: Unifying Online Vector Similarity Search and Relational Queries via Relaxed Monotonicity},
booktitle = {USENIX Symposium on Operating Systems Design and Implementation (OSDI)},
year = {2023},
pages = {377--395},
}

@inproceedings{dobson2023scaling,
author = {Manohar, Magdalen Dobson and Shen, Zheqi and Blelloch, Guy and Dhulipala, Laxman and Gu, Yan and Simhadri, Harsha Vardhan and Sun, Yihan},
title = {{ParlayANN}: Scalable and Deterministic Parallel Graph-Based Approximate Nearest Neighbor Search Algorithms},
year = {2024},
booktitle = {ACM SIGPLAN Annual Symposium on Principles and Practice of Parallel Programming},
pages = {270–285},
}

% this would ideally be replaced by the actual benchmark paper
@misc{neurips23bigann,
  title={{NeurIPS}'23 Competition Track: Big-{ANN}},
  author={Simhadri, Harsha and Aumüller, Martin and Baranchuk, Dmitry and Douze, Matthijs and Ingber, Amir and Liberty, Edo and Williams, George},
  year={2023},
  url={https://big-ann-benchmarks.com/neurips23.html},
}


@inproceedings{diskann,
	author = {Jayaram Subramanya, Suhas and Devvrit, Fnu and Simhadri, Harsha Vardhan and Krishnawamy, Ravishankar and Kadekodi, Rohan},
	booktitle = {Advances in Neural Information Processing Systems},
	title = {{DiskANN}: Fast Accurate Billion-point Nearest Neighbor Search on a Single Node},
	year = {2019},
}

@inproceedings{krauthgamer2004navigating,
  title={Navigating nets: simple algorithms for proximity search.},
  author={Krauthgamer, Robert and Lee, James R},
  booktitle={ACM-SIAM Symposium on Discrete Algorithms},
  pages={798--807},
  year={2004}
}

@inproceedings{clarkson1997nearest,
  title={Nearest neighbor queries in metric spaces},
  author={Clarkson, Kenneth L},
  booktitle={ACM Symposium on Theory of Computing},
  pages={609--617},
  year={1997}
}

@inproceedings{blelloch2020parlaylib,
  title={{ParlayLib}--a toolkit for parallel algorithms on shared-memory multicore machines},
  author={Blelloch, Guy E and Anderson, Daniel and Dhulipala, Laxman},
  booktitle={ACM Symposium on Parallelism in Algorithms and Architectures},
  pages={507--509},
  year={2020}
}

@inproceedings{rubinstein2018hardness,
  title={Hardness of approximate nearest neighbor search},
  author={Rubinstein, Aviad},
  booktitle={ACM SIGACT Symposium on Theory of Computing},
  pages={1260--1268},
  year={2018}
}

@inproceedings{zhang2023vbase,
  title={$\{$VBASE$\}$: Unifying Online Vector Similarity Search and Relational Queries via Relaxed Monotonicity},
  author={Zhang, Qianxi and Xu, Shuotao and Chen, Qi and Sui, Guoxin and Xie, Jiadong and Cai, Zhizhen and Chen, Yaoqi and He, Yinxuan and Yang, Yuqing and Yang, Fan and others},
  booktitle={USENIX Symposium on Operating Systems Design and Implementation (OSDI)},
  year={2023}
}

@article{aumuller2020ann,
  title={{ANN}-Benchmarks: A benchmarking tool for approximate nearest neighbor algorithms},
  author={Aum{\"u}ller, Martin and Bernhardsson, Erik and Faithfull, Alexander},
  journal={Information Systems},
  volume={87},
  pages={101374},
  year={2020},
}

@inproceedings{radford2021learning,
  title={Learning transferable visual models from natural language supervision},
  author={Radford, Alec and Kim, Jong Wook and Hallacy, Chris and Ramesh, Aditya and Goh, Gabriel and Agarwal, Sandhini and Sastry, Girish and Askell, Amanda and Mishkin, Pamela and Clark, Jack and others},
  booktitle={International Conference on Machine Learning},
  pages={8748--8763},
  year={2021},
}

@inproceedings{desai2021redcaps,
  title={{RedCaps}: Web-curated image-text data created by the people, for the people},
  author={Desai, Karan and Kaul, Gaurav and Aysola, Zubin and Johnson, Justin},
  booktitle={Advances in Neural Information Processing Systems},
  year={2021}
}

@article{achiam2023gpt,
  title={{GPT}-4 technical report},
  author={Achiam, Josh and Adler, Steven and Agarwal, Sandhini and Ahmad, Lama and Akkaya, Ilge and Aleman, Florencia Leoni and Almeida, Diogo and Altenschmidt, Janko and Altman, Sam and Anadkat, Shyamal and others},
  journal={arXiv preprint arXiv:2303.08774},
  year={2023}
}

@inproceedings{prokhorenkova2020graph,
  title={Graph-based nearest neighbor search: From practice to theory},
  author={Prokhorenkova, Liudmila and Shekhovtsov, Aleksandr},
  booktitle={International Conference on Machine Learning},
  pages={7803--7813},
  year={2020},
}

@article{ilyas2008topk,
author = {Ilyas, Ihab F. and Beskales, George and Soliman, Mohamed A.},
title = {A survey of top-k query processing techniques in relational database systems},
year = {2008},
issue_date = {October 2008},
volume = {40},
number = {4},
journal = {ACM Comput. Surv.},
month = {oct},
articleno = {11},
numpages = {58},
}

@inproceedings{qaderefficient,
  title={Efficient Secondary Attribute Lookup in Key-Value Stores},
  author={Qader, Mohiuddin Abdul and Cheng, Shiwen and Menon, Abhinand and Hristidis, Vagelis}
}

@article{ONeil1996TheLM,
  title={The log-structured merge-tree (LSM-tree)},
  author={Patrick E. O'Neil and Edward Y. C. Cheng and Dieter Gawlick and Elizabeth J. O'Neil},
  journal={Acta Informatica},
  year={1996},
  volume={33},
  pages={351-385},
}

@inproceedings{qader2018comparative,
author = {Qader, Mohiuddin and Cheng, Shiwen and Hristidis, Vagelis},
year = {2018},
pages = {551-566},
title = {A Comparative Study of Secondary Indexing Techniques in {LSM}-based {NoSQL} Databases},
booktitle = {International Conference on Management of Data},
}

@inproceedings{kurc1999querying,
  title={Querying very large multi-dimensional datasets in {ADR}},
  author={Kurc, Tahsin and Chang, Chialin and Ferreira, Renato and Sussman, Alan and Saltz, Joel},
  booktitle={ACM/IEEE Conference on Supercomputing},
  year={1999}
}

@inproceedings{huang2023faster,
  title={Faster Parallel Exact Density Peaks Clustering},
  author={Huang, Yihao and Yu, Shangdi and Shun, Julian},
  booktitle={SIAM Conference on Applied and Computational Discrete Algorithms (ACDA23)},
  pages={49--62},
  year={2023},
  organization={SIAM}
}

@article{yu2023pecann,
  title={PECANN: Parallel Efficient Clustering with Graph-Based Approximate Nearest Neighbor Search},
  author={Yu, Shangdi and Engels, Joshua and Huang, Yihao and Shun, Julian},
  journal={arXiv preprint arXiv:2312.03940},
  year={2023}
}

@article{chen2020fast,
  title={Fast density peak clustering for large scale data based on {kNN}},
  author={Chen, Yewang and Hu, Xiaoliang and Fan, Wentao and Shen, Lianlian and Zhang, Zheng and Liu, Xin and Du, Jixiang and Li, Haibo and Chen, Yi and Li, Hailin},
  journal={Knowledge-Based Systems},
  volume={187},
  pages={104824},
  year={2020},
  publisher={Elsevier}
}

@article{peng2023check,
  title={Check your facts and try again: Improving large language models with external knowledge and automated feedback},
  author={Peng, Baolin and Galley, Michel and He, Pengcheng and Cheng, Hao and Xie, Yujia and Hu, Yu and Huang, Qiuyuan and Liden, Lars and Yu, Zhou and Chen, Weizhu and others},
  journal={arXiv preprint arXiv:2302.12813},
  year={2023}
}

@misc{pgvector,
  author = {Kane, Andrew},
  title = {pgvector: Open-source vector similarity search for Postgres},
  year = {2024},
  howpublished = {\url{https://github.com/pgvector/pgvector}},
  note = {Accessed: 2024-05-24}
}

@article{malkov2018efficient,
  title={Efficient and robust approximate nearest neighbor search using hierarchical navigable small world graphs},
  author={Malkov, Yu A and Yashunin, Dmitry A},
  journal={IEEE Transactions on Pattern Analysis and Machine Intelligence},
  volume={42},
  number={4},
  pages={824--836},
  year={2018},
  publisher={IEEE}
}

@article{mohoney2023high,
  title={High-Throughput Vector Similarity Search in Knowledge Graphs},
  author={Mohoney, Jason and Pacaci, Anil and Chowdhury, Shihabur Rahman and Mousavi, Ali and Ilyas, Ihab F and Minhas, Umar Farooq and Pound, Jeffrey and Rekatsinas, Theodoros},
  journal={Proceedings of the ACM on Management of Data},
  volume={1},
  number={2},
  pages={1--25},
  year={2023},
  publisher={ACM New York, NY, USA}
}