@article{paper1,
  title={The class imbalance problem: A systematic study},
  author={Japkowicz, Nathalie and Stephen, Shaju},
  journal={Intelligent data analysis},
  volume={6},
  number={5},
  pages={429--449},
  year={2002},
  publisher={IOS Press}
}

@article{paper2,
  title={Deep long-tailed learning: A survey},
  author={Zhang, Yifan and Kang, Bingyi and Hooi, Bryan and Yan, Shuicheng and Feng, Jiashi},
  journal={arXiv preprint arXiv:2110.04596},
  year={2021}
}

@article{paper3,
  title={SMOTE: synthetic minority over-sampling technique},
  author={Chawla, Nitesh V and Bowyer, Kevin W and Hall, Lawrence O and Kegelmeyer, W Philip},
  journal={Journal of artificial intelligence research},
  volume={16},
  pages={321--357},
  year={2002}
}

@article{paper4,
  title={Decoupling representation and classifier for long-tailed recognition},
  author={Kang, Bingyi and Xie, Saining and Rohrbach, Marcus and Yan, Zhicheng and Gordo, Albert and Feng, Jiashi and Kalantidis, Yannis},
  journal={arXiv preprint arXiv:1910.09217},
  year={2019}
}

@inproceedings{paper5,
  title={Deep representation learning on long-tailed data: A learnable embedding augmentation perspective},
  author={Liu, Jialun and Sun, Yifan and Han, Chuchu and Dou, Zhaopeng and Li, Wenhui},
  booktitle={Proceedings of the IEEE/CVF Conference on Computer Vision and Pattern Recognition},
  pages={2970--2979},
  year={2020}
}

@inproceedings{paper6,
  title={Learning from multiple experts: Self-paced knowledge distillation for long-tailed classification},
  author={Xiang, Liuyu and Ding, Guiguang and Han, Jungong},
  booktitle={European Conference on Computer Vision},
  pages={247--263},
  year={2020},
  organization={Springer}
}

@article{paper7,
  title={A global geometric framework for nonlinear dimensionality reduction},
  author={Tenenbaum, Joshua B and De Silva, Vin and Langford, John C},
  journal={science},
  volume={290},
  number={5500},
  pages={2319--2323},
  year={2000},
  publisher={American Association for the Advancement of Science}
}

@article{paper8,
  title={Two modifications of CNN},
  author={Tomek, Ivan and others},
  year={1976}
}

@article{paper9,
  title={Very deep convolutional networks for large-scale image recognition},
  author={Simonyan, Karen and Zisserman, Andrew},
  journal={arXiv preprint arXiv:1409.1556},
  year={2014}
}

@inproceedings{paper10,
  title={Bbn: Bilateral-branch network with cumulative learning for long-tailed visual recognition},
  author={Zhou, Boyan and Cui, Quan and Wei, Xiu-Shen and Chen, Zhao-Min},
  booktitle={Proceedings of the IEEE/CVF Conference on Computer Vision and Pattern Recognition},
  pages={9719--9728},
  year={2020}
}

@inproceedings{paper11,
  title={Dynamic curriculum learning for imbalanced data classification},
  author={Wang, Yiru and Gan, Weihao and Yang, Jie and Wu, Wei and Yan, Junjie},
  booktitle={Proceedings of the IEEE/CVF International Conference on Computer Vision},
  pages={5017--5026},
  year={2019}
}

@inproceedings{paper12,
  title={Remix: Rebalanced mixup},
  author={Chou, Hsin-Ping and Chang, Shih-Chieh and Pan, Jia-Yu and Wei, Wei and Juan, Da-Cheng},
  booktitle={European Conference on Computer Vision},
  pages={95--110},
  year={2020},
  organization={Springer}
}

@inproceedings{paper13,
  title={Feature space augmentation for long-tailed data},
  author={Chu, Peng and Bian, Xiao and Liu, Shaopeng and Ling, Haibin},
  booktitle={Computer Vision--ECCV 2020: 16th European Conference, Glasgow, UK, August 23--28, 2020, Proceedings, Part XXIX 16},
  pages={694--710},
  year={2020},
  organization={Springer}
}

@inproceedings{paper14,
  title={Class-balanced loss based on effective number of samples},
  author={Cui, Yin and Jia, Menglin and Lin, Tsung-Yi and Song, Yang and Belongie, Serge},
  booktitle={Proceedings of the IEEE/CVF conference on computer vision and pattern recognition},
  pages={9268--9277},
  year={2019}
}

@inproceedings{paper16,
  title={Rethinking class-balanced methods for long-tailed visual recognition from a domain adaptation perspective},
  author={Jamal, Muhammad Abdullah and Brown, Matthew and Yang, Ming-Hsuan and Wang, Liqiang and Gong, Boqing},
  booktitle={Proceedings of the IEEE/CVF Conference on Computer Vision and Pattern Recognition},
  pages={7610--7619},
  year={2020}
}

@article{paper17,
  title={Rethinking the value of labels for improving class-imbalanced learning},
  author={Yang, Yuzhe and Xu, Zhi},
  journal={arXiv preprint arXiv:2006.07529},
  year={2020}
}

@inproceedings{paper18,
  title={Large-scale long-tailed recognition in an open world},
  author={Liu, Ziwei and Miao, Zhongqi and Zhan, Xiaohang and Wang, Jiayun and Gong, Boqing and Yu, Stella X},
  booktitle={Proceedings of the IEEE/CVF Conference on Computer Vision and Pattern Recognition},
  pages={2537--2546},
  year={2019}
}

@inproceedings{paper19,
  title={Feature transfer learning for face recognition with under-represented data},
  author={Yin, Xi and Yu, Xiang and Sohn, Kihyuk and Liu, Xiaoming and Chandraker, Manmohan},
  booktitle={Proceedings of the IEEE/CVF Conference on Computer Vision and Pattern Recognition},
  pages={5704--5713},
  year={2019}
}

@article{paper20,
  title={Tradeoffs in Data Augmentation: An Empirical Study},
  author={Cubuk, Ekin Dogus and Dyer, Ethan S and Lopes, Rapha Gontijo and Smullin, Sylvia},
  year={2021}
}

@article{paper21,
  title={Free lunch for few-shot learning: Distribution calibration},
  author={Yang, Shuo and Liu, Lu and Xu, Min},
  journal={arXiv preprint arXiv:2101.06395},
  year={2021}
}

@article{paper22,
  title={The devil is in the tails: Fine-grained classification in the wild},
  author={Van Horn, Grant and Perona, Pietro},
  journal={arXiv preprint arXiv:1709.01450},
  year={2017}
}

@inproceedings{paper23,
  title={Dynamic Metric Learning: Towards a Scalable Metric Space to Accommodate Multiple Semantic Scales},
  author={Sun, Yifan and Zhu, Yuke and Zhang, Yuhan and Zheng, Pengkun and Qiu, Xi and Zhang, Chi and Wei, Yichen},
  booktitle={Proceedings of the IEEE/CVF Conference on Computer Vision and Pattern Recognition},
  pages={5393--5402},
  year={2021}
}

@inproceedings{paper24,
  title={Equalization loss for long-tailed object recognition},
  author={Tan, Jingru and Wang, Changbao and Li, Buyu and Li, Quanquan and Ouyang, Wanli and Yin, Changqing and Yan, Junjie},
  booktitle={Proceedings of the IEEE/CVF conference on computer vision and pattern recognition},
  pages={11662--11671},
  year={2020}
}

@inproceedings{paper25,
  title={Cross-batch memory for embedding learning},
  author={Wang, Xun and Zhang, Haozhi and Huang, Weilin and Scott, Matthew R},
  booktitle={Proceedings of the IEEE/CVF Conference on Computer Vision and Pattern Recognition},
  pages={6388--6397},
  year={2020}
}

@book{paper26,
  title={Elements of information theory},
  author={Cover, Thomas M},
  year={1999},
  publisher={John Wiley \& Sons}
}

@article{paper27,
  title={Segmentation of multivariate mixed data via lossy data coding and compression},
  author={Ma, Yi and Derksen, Harm and Hong, Wei and Wright, John},
  journal={IEEE transactions on pattern analysis and machine intelligence},
  volume={29},
  number={9},
  pages={1546--1562},
  year={2007},
  publisher={IEEE}
}

@article{paper28,
  title={Learning multiple layers of features from tiny images},
  author={Krizhevsky, Alex and Hinton, Geoffrey and others},
  year={2009},
  publisher={Citeseer}
}

@article{paper29,
  title={The caltech-ucsd birds-200-2011 dataset},
  author={Wah, Catherine and Branson, Steve and Welinder, Peter and Perona, Pietro and Belongie, Serge},
  year={2011},
  publisher={California Institute of Technology}
}

@inproceedings{paper30,
  title={3d object representations for fine-grained categorization},
  author={Krause, Jonathan and Stark, Michael and Deng, Jia and Fei-Fei, Li},
  booktitle={Proceedings of the IEEE international conference on computer vision workshops},
  pages={554--561},
  year={2013}
}

@article{paper31,
  title={Matching networks for one shot learning},
  author={Vinyals, Oriol and Blundell, Charles and Lillicrap, Timothy and Wierstra, Daan and others},
  journal={Advances in neural information processing systems},
  volume={29},
  pages={3630--3638},
  year={2016}
}

@inproceedings{paper32,
  title={Deep residual learning for image recognition},
  author={He, Kaiming and Zhang, Xiangyu and Ren, Shaoqing and Sun, Jian},
  booktitle={Proceedings of the IEEE conference on computer vision and pattern recognition},
  pages={770--778},
  year={2016}
}

@article{paper33,
  title={Adam: A method for stochastic optimization},
  author={Kingma, Diederik P and Ba, Jimmy},
  journal={arXiv preprint arXiv:1412.6980},
  year={2014}
}

@article{paper34,
  title={A survey of clustering with deep learning: From the perspective of network architecture},
  author={Min, Erxue and Guo, Xifeng and Liu, Qiang and Zhang, Gen and Cui, Jianjing and Long, Jun},
  journal={IEEE Access},
  volume={6},
  pages={39501--39514},
  year={2018},
  publisher={IEEE}
}

@article{paper35,
  title={Classification is a strong baseline for deep metric learning},
  author={Zhai, Andrew and Wu, Hao-Yu},
  journal={arXiv preprint arXiv:1811.12649},
  year={2018}
}

@inproceedings{paper36,
  title={Softtriple loss: Deep metric learning without triplet sampling},
  author={Qian, Qi and Shang, Lei and Sun, Baigui and Hu, Juhua and Li, Hao and Jin, Rong},
  booktitle={Proceedings of the IEEE/CVF International Conference on Computer Vision},
  pages={6450--6458},
  year={2019}
}

@article{paper37,
  title={Imagenet large scale visual recognition challenge},
  author={Russakovsky, Olga and Deng, Jia and Su, Hao and Krause, Jonathan and Satheesh, Sanjeev and Ma, Sean and Huang, Zhiheng and Karpathy, Andrej and Khosla, Aditya and Bernstein, Michael and others},
  journal={International journal of computer vision},
  volume={115},
  number={3},
  pages={211--252},
  year={2015},
  publisher={Springer}
}

@inproceedings{paper38,
  title={Batch normalization: Accelerating deep network training by reducing internal covariate shift},
  author={Ioffe, Sergey and Szegedy, Christian},
  booktitle={International conference on machine learning},
  pages={448--456},
  year={2015},
  organization={PMLR}
}

@inproceedings{paper39,
  title={Going deeper with convolutions},
  author={Szegedy, Christian and Liu, Wei and Jia, Yangqing and Sermanet, Pierre and Reed, Scott and Anguelov, Dragomir and Erhan, Dumitru and Vanhoucke, Vincent and Rabinovich, Andrew},
  booktitle={Proceedings of the IEEE conference on computer vision and pattern recognition},
  pages={1--9},
  year={2015}
}

@inproceedings{paper40,
  title={Some methods for classification and analysis of multivariate observations},
  author={MacQueen, James and others},
  booktitle={Proceedings of the fifth Berkeley symposium on mathematical statistics and probability},
  volume={1},
  number={14},
  pages={281--297},
  year={1967},
  organization={Oakland, CA, USA}
}

@inproceedings{paper41,
  title={Deep metric learning via lifted structured feature embedding},
  author={Oh Song, Hyun and Xiang, Yu and Jegelka, Stefanie and Savarese, Silvio},
  booktitle={Proceedings of the IEEE conference on computer vision and pattern recognition},
  pages={4004--4012},
  year={2016}
}

@article{paper42,
  title={Prabhakar raghavan, and hinrich schutze},
  author={Manning, Christopher D},
  journal={Introduction to information retrieval},
  year={2008},
  publisher={Cambridge University Press}
}

@inproceedings{paper43,
  title={Circle loss: A unified perspective of pair similarity optimization},
  author={Sun, Yifan and Cheng, Changmao and Zhang, Yuhan and Zhang, Chi and Zheng, Liang and Wang, Zhongdao and Wei, Yichen},
  booktitle={Proceedings of the IEEE/CVF Conference on Computer Vision and Pattern Recognition},
  pages={6398--6407},
  year={2020}
}

@article{paper44,
  title={Clustering with deep learning: Taxonomy and new methods},
  author={Aljalbout, Elie and Golkov, Vladimir and Siddiqui, Yawar and Strobel, Maximilian and Cremers, Daniel},
  journal={arXiv preprint arXiv:1801.07648},
  year={2018}
}

@misc{paper45,
      title={Learning Diverse and Discriminative Representations via the Principle of Maximal Coding Rate Reduction}, 
      author={Yaodong Yu and Kwan Ho Ryan Chan and Chong You and Chaobing Song and Yi Ma},
      year={2020},
      eprint={2006.08558},
      archivePrefix={arXiv},
      primaryClass={cs.LG}
}

@inproceedings{paper46,
  title={Dimensionality reduction by learning an invariant mapping},
  author={Hadsell, Raia and Chopra, Sumit and LeCun, Yann},
  booktitle={2006 IEEE Computer Society Conference on Computer Vision and Pattern Recognition (CVPR'06)},
  volume={2},
  pages={1735--1742},
  year={2006},
  organization={IEEE}
}

@inproceedings{paper47,
  title={Facenet: A unified embedding for face recognition and clustering},
  author={Schroff, Florian and Kalenichenko, Dmitry and Philbin, James},
  booktitle={Proceedings of the IEEE conference on computer vision and pattern recognition},
  pages={815--823},
  year={2015}
}

@inproceedings{paper48,
  title={Deep metric learning via lifted structured feature embedding},
  author={Oh Song, Hyun and Xiang, Yu and Jegelka, Stefanie and Savarese, Silvio},
  booktitle={Proceedings of the IEEE conference on computer vision and pattern recognition},
  pages={4004--4012},
  year={2016}
}

@inproceedings{paper49,
  title={Improved deep metric learning with multi-class n-pair loss objective},
  author={Sohn, Kihyuk},
  booktitle={Advances in neural information processing systems},
  pages={1857--1865},
  year={2016}
}

@inproceedings{paper50,
  title={Circle loss: A unified perspective of pair similarity optimization},
  author={Sun, Yifan and Cheng, Changmao and Zhang, Yuhan and Zhang, Chi and Zheng, Liang and Wang, Zhongdao and Wei, Yichen},
  booktitle={Proceedings of the IEEE/CVF Conference on Computer Vision and Pattern Recognition},
  pages={6398--6407},
  year={2020}
}

@inproceedings{paper51,
  title={Deep metric learning with angular loss},
  author={Wang, Jian and Zhou, Feng and Wen, Shilei and Liu, Xiao and Lin, Yuanqing},
  booktitle={Proceedings of the IEEE International Conference on Computer Vision},
  pages={2593--2601},
  year={2017}
}

@inproceedings{paper52,
  title={Deep metric learning with tuplet margin loss},
  author={Yu, Baosheng and Tao, Dacheng},
  booktitle={Proceedings of the IEEE/CVF International Conference on Computer Vision},
  pages={6490--6499},
  year={2019}
}

@inproceedings{paper53,
  title={Hierarchical proxy-based loss for deep metric learning},
  author={Yang, Zhibo and Bastan, Muhammet and Zhu, Xinliang and Gray, Douglas and Samaras, Dimitris},
  booktitle={Proceedings of the IEEE/CVF Winter Conference on Applications of Computer Vision},
  pages={1859--1868},
  year={2022}
}

@article{paper54,
  title={Neighbourhood components analysis},
  author={Goldberger, Jacob and Hinton, Geoffrey E and Roweis, Sam and Salakhutdinov, Russ R},
  journal={Advances in neural information processing systems},
  volume={17},
  year={2004},
  publisher={Citeseer}
}

@inproceedings{paper55,
  title={Proxy anchor loss for deep metric learning},
  author={Kim, Sungyeon and Kim, Dongwon and Cho, Minsu and Kwak, Suha},
  booktitle={Proceedings of the IEEE/CVF Conference on Computer Vision and Pattern Recognition},
  pages={3238--3247},
  year={2020}
}

@article{paper56,
  title={Classification is a strong baseline for deep metric learning},
  author={Zhai, Andrew and Wu, Hao-Yu},
  journal={arXiv preprint arXiv:1811.12649},
  year={2018}
}

@inproceedings{paper57,
  title={Large-margin softmax loss for convolutional neural networks.},
  author={Liu, Weiyang and Wen, Yandong and Yu, Zhiding and Yang, Meng},
  booktitle={ICML},
  volume={2},
  number={3},
  pages={7},
  year={2016}
}

@inproceedings{paper58,
  title={Sphereface: Deep hypersphere embedding for face recognition},
  author={Liu, Weiyang and Wen, Yandong and Yu, Zhiding and Li, Ming and Raj, Bhiksha and Song, Le},
  booktitle={Proceedings of the IEEE conference on computer vision and pattern recognition},
  pages={212--220},
  year={2017}
}

@inproceedings{paper59,
  title={Softtriple loss: Deep metric learning without triplet sampling},
  author={Qian, Qi and Shang, Lei and Sun, Baigui and Hu, Juhua and Li, Hao and Jin, Rong},
  booktitle={Proceedings of the IEEE/CVF International Conference on Computer Vision},
  pages={6450--6458},
  year={2019}
}

@article{paper60,
  title={Deep metric learning with bier: Boosting independent embeddings robustly},
  author={Opitz, Michael and Waltner, Georg and Possegger, Horst and Bischof, Horst},
  journal={IEEE transactions on pattern analysis and machine intelligence},
  volume={42},
  number={2},
  pages={276--290},
  year={2018},
  publisher={IEEE}
}

@inproceedings{paper61,
  title={Attention-based ensemble for deep metric learning},
  author={Kim, Wonsik and Goyal, Bhavya and Chawla, Kunal and Lee, Jungmin and Kwon, Keunjoo},
  booktitle={Proceedings of the European Conference on Computer Vision (ECCV)},
  pages={736--751},
  year={2018}
}

@inproceedings{paper62,
  title={Multi-similarity loss with general pair weighting for deep metric learning},
  author={Wang, Xun and Han, Xintong and Huang, Weilin and Dong, Dengke and Scott, Matthew R},
  booktitle={Proceedings of the IEEE/CVF Conference on Computer Vision and Pattern Recognition},
  pages={5022--5030},
  year={2019}
}

@inproceedings{paper63,
  title={Hard-aware deeply cascaded embedding},
  author={Yuan, Yuhui and Yang, Kuiyuan and Zhang, Chao},
  booktitle={Proceedings of the IEEE international conference on computer vision},
  pages={814--823},
  year={2017}
}

@inproceedings{paper64,
  title={Sampling matters in deep embedding learning},
  author={Wu, Chao-Yuan and Manmatha, R and Smola, Alexander J and Krahenbuhl, Philipp},
  booktitle={Proceedings of the IEEE International Conference on Computer Vision},
  pages={2840--2848},
  year={2017}
}

@inproceedings{paper65,
  title={Deep metric learning with hierarchical triplet loss},
  author={Ge, Weifeng},
  booktitle={Proceedings of the European Conference on Computer Vision (ECCV)},
  pages={269--285},
  year={2018}
}

@article{paper66,
  title={Imagenet large scale visual recognition challenge},
  author={Russakovsky, Olga and Deng, Jia and Su, Hao and Krause, Jonathan and Satheesh, Sanjeev and Ma, Sean and Huang, Zhiheng and Karpathy, Andrej and Khosla, Aditya and Bernstein, Michael and others},
  journal={International journal of computer vision},
  volume={115},
  number={3},
  pages={211--252},
  year={2015},
  publisher={Springer}
}

@inproceedings{paper67,
  title={The inaturalist species classification and detection dataset},
  author={Van Horn, Grant and Mac Aodha, Oisin and Song, Yang and Cui, Yin and Sun, Chen and Shepard, Alex and Adam, Hartwig and Perona, Pietro and Belongie, Serge},
  booktitle={Proceedings of the IEEE conference on computer vision and pattern recognition},
  pages={8769--8778},
  year={2018}
}

@inproceedings{paper68,
  title={Focal loss for dense object detection},
  author={Lin, Tsung-Yi and Goyal, Priya and Girshick, Ross and He, Kaiming and Doll{\'a}r, Piotr},
  booktitle={Proceedings of the IEEE international conference on computer vision},
  pages={2980--2988},
  year={2017}
}

@article{paper70,
  title={Decoupling representation and classifier for long-tailed recognition},
  author={Kang, Bingyi and Xie, Saining and Rohrbach, Marcus and Yan, Zhicheng and Gordo, Albert and Feng, Jiashi and Kalantidis, Yannis},
  journal={arXiv preprint arXiv:1910.09217},
  year={2019}
}

@article{paper71,
  title={Long-tailed recognition by routing diverse distribution-aware experts},
  author={Wang, Xudong and Lian, Long and Miao, Zhongqi and Liu, Ziwei and Yu, Stella X},
  journal={arXiv preprint arXiv:2010.01809},
  year={2020}
}

@article{paper72,
  title={Memory-based jitter: Improving visual recognition on long-tailed data with diversity in memory},
  author={Liu, Jialun and Zhang, Jingwei and Li, Wenhui and Zhang, Chi and Sun, Yifan and others},
  journal={arXiv preprint arXiv:2008.09809},
  year={2020}
}

@inproceedings{paper73,
  title={Parametric contrastive learning},
  author={Cui, Jiequan and Zhong, Zhisheng and Liu, Shu and Yu, Bei and Jia, Jiaya},
  booktitle={Proceedings of the IEEE/CVF International Conference on Computer Vision},
  pages={715--724},
  year={2021}
}

@inproceedings{paper74,
  title={Distilling virtual examples for long-tailed recognition},
  author={He, Yin-Yin and Wu, Jianxin and Wei, Xiu-Shen},
  booktitle={Proceedings of the IEEE/CVF International Conference on Computer Vision},
  pages={235--244},
  year={2021}
}

@article{paper75,
  title={Learning imbalanced datasets with label-distribution-aware margin loss},
  author={Cao, Kaidi and Wei, Colin and Gaidon, Adrien and Arechiga, Nikos and Ma, Tengyu},
  journal={Advances in neural information processing systems},
  volume={32},
  year={2019}
}

@article{paper76,
  title={mixup: Beyond empirical risk minimization},
  author={Zhang, Hongyi and Cisse, Moustapha and Dauphin, Yann N and Lopez-Paz, David},
  journal={arXiv preprint arXiv:1710.09412},
  year={2017}
}

@inproceedings{paper77,
  title={Cutmix: Regularization strategy to train strong classifiers with localizable features},
  author={Yun, Sangdoo and Han, Dongyoon and Oh, Seong Joon and Chun, Sanghyuk and Choe, Junsuk and Yoo, Youngjoon},
  booktitle={Proceedings of the IEEE/CVF international conference on computer vision},
  pages={6023--6032},
  year={2019}
}

@inproceedings{paper78,
  title={Going deeper with convolutions},
  author={Szegedy, Christian and Liu, Wei and Jia, Yangqing and Sermanet, Pierre and Reed, Scott and Anguelov, Dragomir and Erhan, Dumitru and Vanhoucke, Vincent and Rabinovich, Andrew},
  booktitle={Proceedings of the IEEE conference on computer vision and pattern recognition},
  pages={1--9},
  year={2015}
}

@inproceedings{paper79,
  title={Densely connected convolutional networks},
  author={Huang, Gao and Liu, Zhuang and Van Der Maaten, Laurens and Weinberger, Kilian Q},
  booktitle={Proceedings of the IEEE conference on computer vision and pattern recognition},
  pages={4700--4708},
  year={2017}
}

@inproceedings{paper80,
  title={Squeeze-and-excitation networks},
  author={Hu, Jie and Shen, Li and Sun, Gang},
  booktitle={Proceedings of the IEEE conference on computer vision and pattern recognition},
  pages={7132--7141},
  year={2018}
}

@inproceedings{paper81,
  title={Aggregated residual transformations for deep neural networks},
  author={Xie, Saining and Girshick, Ross and Doll{\'a}r, Piotr and Tu, Zhuowen and He, Kaiming},
  booktitle={Proceedings of the IEEE conference on computer vision and pattern recognition},
  pages={1492--1500},
  year={2017}
}

@inproceedings{paper82,
  title={Softtriple loss: Deep metric learning without triplet sampling},
  author={Qian, Qi and Shang, Lei and Sun, Baigui and Hu, Juhua and Li, Hao and Jin, Rong},
  booktitle={Proceedings of the IEEE/CVF International Conference on Computer Vision},
  pages={6450--6458},
  year={2019}
}

@inproceedings{paper83,
  title={Deep metric learning via lifted structured feature embedding},
  author={Oh Song, Hyun and Xiang, Yu and Jegelka, Stefanie and Savarese, Silvio},
  booktitle={Proceedings of the IEEE conference on computer vision and pattern recognition},
  pages={4004--4012},
  year={2016}
}

@book{paper84,
  title={Introduction to information retrieval},
  author={Sch{\"u}tze, Hinrich and Manning, Christopher D and Raghavan, Prabhakar},
  volume={39},
  year={2008},
  publisher={Cambridge University Press Cambridge}
}

@article{paper85,
  title={Learning multiple layers of features from tiny images},
  author={Krizhevsky, Alex and Hinton, Geoffrey and others},
  year={2009},
  publisher={Citeseer}
}


@article{paper86,  title={Decoupling representation and classifier for long-tailed recognition},  author={Kang, Bingyi and Xie, Saining and Rohrbach, Marcus and Yan, Zhicheng and Gordo, Albert and Feng, Jiashi and Kalantidis, Yannis},  journal={arXiv preprint arXiv:1910.09217},  year={2019}}@inproceedings{paper88,  title={Borderline-SMOTE: a new over-sampling method in imbalanced data sets learning},  author={Han, Hui and Wang, Wen-Yuan and Mao, Bing-Huan},  booktitle={International conference on intelligent computing},  pages={878--887},  year={2005},  organization={Springer}}@article{paper89,  title={A multiple resampling method for learning from imbalanced data sets},  author={Estabrooks, Andrew and Jo, Taeho and Japkowicz, Nathalie},  journal={Computational intelligence},  volume={20},  number={1},  pages={18--36},  year={2004},  publisher={Wiley Online Library}}@inproceedings{paper91,  title={Learning fast sample re-weighting without reward data},  author={Zhang, Zizhao and Pfister, Tomas},  booktitle={Proceedings of the IEEE/CVF International Conference on Computer Vision},  pages={725--734},  year={2021}}@inproceedings{paper92,  title={The foundations of cost-sensitive learning},  author={Elkan, Charles},  booktitle={International joint conference on artificial intelligence},  volume={17},  number={1},  pages={973--978},  year={2001},  organization={Lawrence Erlbaum Associates Ltd}}@article{paper93,  title={Training cost-sensitive neural networks with methods addressing the class imbalance problem},  author={Zhou, Zhi-Hua and Liu, Xu-Ying},  journal={IEEE Transactions on knowledge and data engineering},  volume={18},  number={1},  pages={63--77},  year={2005},  publisher={IEEE}}@article{paper94,  title={Cost-sensitive boosting for classification of imbalanced data},  author={Sun, Yanmin and Kamel, Mohamed S and Wong, Andrew KC and Wang, Yang},  journal={Pattern recognition},  volume={40},  number={12},  pages={3358--3378},  year={2007},  publisher={Elsevier}}@article{paper95,  title={Balanced meta-softmax for long-tailed visual recognition},  author={Ren, Jiawei and Yu, Cunjun and Ma, Xiao and Zhao, Haiyu and Yi, Shuai and others},  journal={Advances in Neural Information Processing Systems},  volume={33},  pages={4175--4186},  year={2020}}

@inproceedings{paper96,
  title={Exploring the limits of weakly supervised pretraining},
  author={Mahajan, Dhruv and Girshick, Ross and Ramanathan, Vignesh and He, Kaiming and Paluri, Manohar and Li, Yixuan and Bharambe, Ashwin and Van Der Maaten, Laurens},
  booktitle={Proceedings of the European conference on computer vision (ECCV)},
  pages={181--196},
  year={2018}
}

@inproceedings{paper97,
  title={Exploring the limits of weakly supervised pretraining},
  author={Mahajan, Dhruv and Girshick, Ross and Ramanathan, Vignesh and He, Kaiming and Paluri, Manohar and Li, Yixuan and Bharambe, Ashwin and Van Der Maaten, Laurens},
  booktitle={Proceedings of the European conference on computer vision (ECCV)},
  pages={181--196},
  year={2018}
}

@inproceedings{paper99,
  title={Droploss for long-tail instance segmentation},
  author={Hsieh, Ting-I and Robb, Esther and Chen, Hwann-Tzong and Huang, Jia-Bin},
  booktitle={AAAI},
  volume={3},
  number={6},
  pages={15},
  year={2021}
}

@inproceedings{paper100,
  title={Adaptive class suppression loss for long-tail object detection},
  author={Wang, Tong and Zhu, Yousong and Zhao, Chaoyang and Zeng, Wei and Wang, Jinqiao and Tang, Ming},
  booktitle={Proceedings of the IEEE/CVF Conference on Computer Vision and Pattern Recognition},
  pages={3103--3112},
  year={2021}
}

@inproceedings{paper101,
  title={Distribution-balanced loss for multi-label classification in long-tailed datasets},
  author={Wu, Tong and Huang, Qingqiu and Liu, Ziwei and Wang, Yu and Lin, Dahua},
  booktitle={European Conference on Computer Vision},
  pages={162--178},
  year={2020},
  organization={Springer}
}

@article{paper102,
  title={Decoupling representation and classifier for long-tailed recognition},
  author={Kang, Bingyi and Xie, Saining and Rohrbach, Marcus and Yan, Zhicheng and Gordo, Albert and Feng, Jiashi and Kalantidis, Yannis},
  journal={arXiv preprint arXiv:1910.09217},
  year={2019}
}

@article{paper103,
  title={Distributed representations of words and phrases and their compositionality},
  author={Mikolov, Tomas and Sutskever, Ilya and Chen, Kai and Corrado, Greg S and Dean, Jeff},
  journal={Advances in neural information processing systems},
  volume={26},
  year={2013}
}

@article{paper104,
  title={Learning imbalanced datasets with label-distribution-aware margin loss},
  author={Cao, Kaidi and Wei, Colin and Gaidon, Adrien and Arechiga, Nikos and Ma, Tengyu},
  journal={Advances in neural information processing systems},
  volume={32},
  year={2019}
}

@article{paper105,
  title={Balanced meta-softmax for long-tailed visual recognition},
  author={Ren, Jiawei and Yu, Cunjun and Ma, Xiao and Zhao, Haiyu and Yi, Shuai and others},
  journal={Advances in neural information processing systems},
  volume={33},
  pages={4175--4186},
  year={2020}
}

@inproceedings{paper106,
  title={Disentangling label distribution for long-tailed visual recognition},
  author={Hong, Youngkyu and Han, Seungju and Choi, Kwanghee and Seo, Seokjun and Kim, Beomsu and Chang, Buru},
  booktitle={Proceedings of the IEEE/CVF conference on computer vision and pattern recognition},
  pages={6626--6636},
  year={2021}
}

@inproceedings{paper107,
  title={Evaluating model robustness and stability to dataset shift},
  author={Subbaswamy, Adarsh and Adams, Roy and Saria, Suchi},
  booktitle={International Conference on Artificial Intelligence and Statistics},
  pages={2611--2619},
  year={2021},
  organization={PMLR}
}

@article{paper108,
  title={Uncertainty Modeling for Out-of-Distribution Generalization},
  author={Li, Xiaotong and Dai, Yongxing and Ge, Yixiao and Liu, Jun and Shan, Ying and Duan, Ling-Yu},
  journal={arXiv preprint arXiv:2202.03958},
  year={2022}
}

@inproceedings{paper109,
  title={A benchmark of ocular disease intelligent recognition: One shot for multi-disease detection},
  author={Li, Ning and Li, Tao and Hu, Chunyu and Wang, Kai and Kang, Hong},
  booktitle={International Symposium on Benchmarking, Measuring and Optimization},
  pages={177--193},
  year={2020},
  organization={Springer}
}

@inproceedings{paper110,
  title={Base on Megapixel Color Fundus Photos for Multi-label Disease Classification},
  author={Yang, Honggang and Chen, Jiejie and Luan, Rong and Xu, Mengfei and Ma, Lin and Zhou, Xiaoqi},
  booktitle={2022 14th International Conference on Advanced Computational Intelligence (ICACI)},
  pages={29--35},
  year={2022},
  organization={IEEE}
}

@inproceedings{paper111,
  title={Domain balancing: Face recognition on long-tailed domains},
  author={Cao, Dong and Zhu, Xiangyu and Huang, Xingyu and Guo, Jianzhu and Lei, Zhen},
  booktitle={Proceedings of the IEEE/CVF Conference on Computer Vision and Pattern Recognition},
  pages={5671--5679},
  year={2020}
}

@inproceedings{paper112,
  title={Exploring classification equilibrium in long-tailed object detection},
  author={Feng, Chengjian and Zhong, Yujie and Huang, Weilin},
  booktitle={Proceedings of the IEEE/CVF International Conference on Computer Vision},
  pages={3417--3426},
  year={2021}
}

@inproceedings{paper113,
  title={Training region-based object detectors with online hard example mining},
  author={Shrivastava, Abhinav and Gupta, Abhinav and Girshick, Ross},
  booktitle={Proceedings of the IEEE conference on computer vision and pattern recognition},
  pages={761--769},
  year={2016}
}

@inproceedings{paper114,
  title={Striking the Right Balance: Recall Loss for Semantic Segmentation},
  author={Tian, Junjiao and Mithun, Niluthpol Chowdhury and Seymour, Zachary and Chiu, Han-Pang and Kira, Zsolt},
  booktitle={2022 International Conference on Robotics and Automation (ICRA)},
  pages={5063--5069},
  year={2022},
  organization={IEEE}
}

@inproceedings{paper115,
  title={Invariant feature learning for generalized long-tailed classification},
  author={Tang, Kaihua and Tao, Mingyuan and Qi, Jiaxin and Liu, Zhenguang and Zhang, Hanwang},
  booktitle={European Conference on Computer Vision},
  pages={709--726},
  year={2022},
  organization={Springer}
}

@article{paper116,
  title={Decoupling representation and classifier for long-tailed recognition},
  author={Kang, Bingyi and Xie, Saining and Rohrbach, Marcus and Yan, Zhicheng and Gordo, Albert and Feng, Jiashi and Kalantidis, Yannis},
  journal={arXiv preprint arXiv:1910.09217},
  year={2019}
}

@article{paper117,
  title={Long-tailed classification by keeping the good and removing the bad momentum causal effect},
  author={Tang, Kaihua and Huang, Jianqiang and Zhang, Hanwang},
  journal={Advances in Neural Information Processing Systems},
  volume={33},
  pages={1513--1524},
  year={2020}
}

@inproceedings{paper118,
  title={HCSC: Hierarchical Contrastive Selective Coding},
  author={Guo, Yuanfan and Xu, Minghao and Li, Jiawen and Ni, Bingbing and Zhu, Xuanyu and Sun, Zhenbang and Xu, Yi},
  booktitle={Proceedings of the IEEE/CVF Conference on Computer Vision and Pattern Recognition},
  pages={9706--9715},
  year={2022}
}

@inproceedings{paper119,
  title={On multi-domain long-tailed recognition, imbalanced domain generalization and beyond},
  author={Yang, Yuzhe and Wang, Hao and Katabi, Dina},
  booktitle={European Conference on Computer Vision},
  pages={57--75},
  year={2022},
  organization={Springer}
}