@article{gu2017badnets,
  title={Badnets: Identifying vulnerabilities in the machine learning model supply chain},
  author={Gu, Tianyu and Dolan-Gavitt, Brendan and Garg, Siddharth},
  journal={arXiv preprint arXiv:1708.06733},
  year={2017}
}