

@inproceedings{sun2017revisiting,
  title={Revisiting unreasonable effectiveness of data in deep learning era},
  author={Sun, Chen and Shrivastava, Abhinav and Singh, Saurabh and Gupta, Abhinav},
  booktitle={Proceedings of the IEEE international conference on computer vision},
  pages={843--852},
  year={2017}
}

@article{sorscher2022beyond,
  title={Beyond neural scaling laws: beating power law scaling via data pruning},
  author={Sorscher, Ben and Geirhos, Robert and Shekhar, Shashank and Ganguli, Surya and Morcos, Ari S},
  journal={arXiv preprint arXiv:2206.14486},
  year={2022}
}


@inproceedings{chen2021lottery,
  title={The lottery tickets hypothesis for supervised and self-supervised pre-training in computer vision models},
  author={Chen, Tianlong and Frankle, Jonathan and Chang, Shiyu and Liu, Sijia and Zhang, Yang and Carbin, Michael and Wang, Zhangyang},
  booktitle={Proceedings of the IEEE/CVF Conference on Computer Vision and Pattern Recognition},
  pages={16306--16316},
  year={2021}
}


@inproceedings{rombach2022high,
  title={High-resolution image synthesis with latent diffusion models},
  author={Rombach, Robin and Blattmann, Andreas and Lorenz, Dominik and Esser, Patrick and Ommer, Bj{\"o}rn},
  booktitle={Proceedings of the IEEE/CVF Conference on Computer Vision and Pattern Recognition},
  pages={10684--10695},
  year={2022}
}


 @article{bommasani2021opportunities,
  title={On the opportunities and risks of foundation models},
  author={Bommasani, Rishi and Hudson, Drew A and Adeli, Ehsan and Altman, Russ and Arora, Simran and von Arx, Sydney and Bernstein, Michael S and Bohg, Jeannette and Bosselut, Antoine and Brunskill, Emma and others},
  journal={arXiv preprint arXiv:2108.07258},
  year={2021}
}

@inproceedings{
zhang2022advancing,
title={Advancing Model Pruning via Bi-level Optimization},
author={Yihua Zhang and Yuguang Yao and Parikshit Ram and Pu Zhao and Tianlong Chen and Mingyi Hong and Yanzhi Wang and Sijia Liu},
booktitle={Advances in Neural Information Processing Systems},
year={2022},
}

@article{cui2022dc,
  title={DC-BENCH: Dataset Condensation Benchmark},
  author={Cui, Justin and Wang, Ruochen and Si, Si and Hsieh, Cho-Jui},
  journal={arXiv preprint arXiv:2207.09639},
  year={2022}
}




@article{frankle2020pruning,
  title={Pruning neural networks at initialization: Why are we missing the mark?},
  author={Frankle, Jonathan and Dziugaite, Gintare Karolina and Roy, Daniel M and Carbin, Michael},
  journal={arXiv preprint arXiv:2009.08576},
  year={2020}
}

@article{tanaka2020pruning,
  title={Pruning neural networks without any data by iteratively conserving synaptic flow},
  author={Tanaka, Hidenori and Kunin, Daniel and Yamins, Daniel L and Ganguli, Surya},
  journal={Advances in Neural Information Processing Systems},
  volume={33},
  pages={6377--6389},
  year={2020}
}

 

@article{yang2022dataset,
  title={Dataset Pruning: Reducing Training Data by Examining Generalization Influence},
  author={Yang, Shuo and Xie, Zeke and Peng, Hanyu and Xu, Min and Sun, Mingming and Li, Ping},
  journal={arXiv preprint arXiv:2205.09329},
  year={2022}
}

@article{chen2022can,
title={Can You Win Everything with A Lottery Ticket?},
author={Tianlong Chen and Zhenyu Zhang and Jun Wu and Randy Huang and Sijia Liu and Shiyu Chang and Zhangyang Wang},
journal={Transactions of Machine Learning Research},
year={2022},
}


@article{wang2020picking,
  title={Picking winning tickets before training by preserving gradient flow},
  author={Wang, Chaoqi and Zhang, Guodong and Grosse, Roger},
  journal={arXiv preprint arXiv:2002.07376},
  year={2020}
}

@article{bagmar2021membership,
  title={Membership Inference Attacks on Lottery Ticket Networks},
  author={Bagmar, Aadesh and Maiya, Shishira R and Bidwalka, Shruti and Deshpande, Amol},
  journal={arXiv preprint arXiv:2108.03506},
  year={2021}
}


@inproceedings{gong2020privacy,
  title={A privacy-preserving-oriented dnn pruning and mobile acceleration framework},
  author={Gong, Yifan and Zhan, Zheng and Li, Zhengang and Niu, Wei and Ma, Xiaolong and Wang, Wenhao and Ren, Bin and Ding, Caiwen and Lin, Xue and Xu, Xiaolin and others},
  booktitle={Proceedings of the 2020 on Great Lakes Symposium on VLSI},
  pages={119--124},
  year={2020}
}

@article{yuan2022membership,
  title={Membership Inference Attacks and Defenses in Neural Network Pruning},
  author={Yuan, Xiaoyong and Zhang, Lan},
  journal={arXiv preprint arXiv:2202.03335},
  year={2022}
}


@article{singh2020woodfisher,
  title={Woodfisher: Efficient second-order approximation for neural network compression},
  author={Singh, Sidak Pal and Alistarh, Dan},
  journal={Advances in Neural Information Processing Systems},
  volume={33},
  pages={18098--18109},
  year={2020}
}


@inproceedings{ye2022learning,
  title={Learning with recoverable forgetting},
  author={Ye, Jingwen and Fu, Yifang and Song, Jie and Yang, Xingyi and Liu, Songhua and Jin, Xin and Song, Mingli and Wang, Xinchao},
  booktitle={European Conference on Computer Vision},
  pages={87--103},
  year={2022},
  organization={Springer}
}

@article{huang2020privacy,
  title={Privacy-preserving learning via deep net pruning},
  author={Huang, Yangsibo and Su, Yushan and Ravi, Sachin and Song, Zhao and Arora, Sanjeev and Li, Kai},
  journal={arXiv preprint arXiv:2003.01876},
  year={2020}
}


@article{stoychev2022effect,
  title={The effect of model compression on fairness in facial expression recognition},
  author={Stoychev, Samuil and Gunes, Hatice},
  journal={arXiv preprint arXiv:2201.01709},
  year={2022}
}

@article{xu2022can,
  title={Can model compression improve nlp fairness},
  author={Xu, Guangxuan and Hu, Qingyuan},
  journal={arXiv preprint arXiv:2201.08542},
  year={2022}
}

@article{sehwag2020hydra,
  title={Hydra: Pruning adversarially robust neural networks},
  author={Sehwag, Vikash and Wang, Shiqi and Mittal, Prateek and Jana, Suman},
  journal={Advances in Neural Information Processing Systems},
  volume={33},
  pages={19655--19666},
  year={2020}
}


@article{blalock2020state,
  title={What is the state of neural network pruning?},
  author={Blalock, Davis and Gonzalez Ortiz, Jose Javier and Frankle, Jonathan and Guttag, John},
  journal={Proceedings of machine learning and systems},
  volume={2},
  pages={129--146},
  year={2020}
  }


 


@inproceedings{ma2020image,
  title={An image enhancing pattern-based sparsity for real-time inference on mobile devices},
  author={Ma, Xiaolong and Niu, Wei and Zhang, Tianyun and Liu, Sijia and Lin, Sheng and Li, Hongjia and Wen, Wujie and Chen, Xiang and Tang, Jian and Ma, Kaisheng and Ren, Bin and Wang, Yanzhi },
  booktitle={European Conference on Computer Vision},
  pages={629--645},
  year={2020},
  organization={Springer}
}


@article{chen2020lottery,
  title={The lottery ticket hypothesis for pre-trained {BERT} networks},
  author={Chen, Tianlong and Frankle, Jonathan and Chang, Shiyu and Liu, Sijia and Zhang, Yang and Wang, Zhangyang and Carbin, Michael},
  journal={NeurIPS},
  year={2020}
}

 
@article{niu2021compression,
  title={A Compression-Compilation Framework for On-mobile Real-time BERT Applications},
  author={Niu, Wei and Kong, Zhenglun and Yuan, Geng and Jiang, Weiwen and Guan, Jiexiong and Ding, Caiwen and Zhao, Pu and Liu, Sijia and Ren, Bin and Wang, Yanzhi},
  journal={arXiv preprint arXiv:2106.00526},
  year={2021}
}

@inproceedings{niu2021rt3d,
  title={RT3D: Achieving Real-Time Execution of 3D Convolutional Neural Networks on Mobile Devices},
  author={Niu, Wei and Sun, Mengshu and Li, Zhengang and Chen, Jou-An and Guan, Jiexiong and Shen, Xipeng and Wang, Yanzhi and Liu, Sijia and Lin, Xue and Ren, Bin},
  booktitle={Proceedings of the AAAI Conference on Artificial Intelligence},
  volume={35},
  number={10},
  pages={9179--9187},
  year={2021}
}

 @inproceedings{ye2019adversarial,
  title={Adversarial robustness vs. model compression, or both?},
  author={Ye, Shaokai and Xu, Kaidi and Liu, Sijia and Cheng, Hao and Lambrechts, Jan-Henrik and Zhang, Huan and Zhou, Aojun and Ma, Kaisheng and Wang, Yanzhi and Lin, Xue},
  booktitle={Proceedings of the IEEE/CVF International Conference on Computer Vision},
  pages={111--120},
  year={2019}
}
 
 @article{liu2018memristor,
  title={A memristor-based optimization framework for artificial intelligence applications},
  author={Liu, Sijia and Wang, Yanzhi and Fardad, Makan and Varshney, Pramod K},
  journal={IEEE Circuits and Systems Magazine},
  volume={18},
  number={1},
  pages={29--44},
  year={2018},
  publisher={IEEE}
}


@INPROCEEDINGS{zhao2021brief,
  author={Zhao, Pu and Niu, Wei and Yuan, Geng and Cai, Yuxuan and Sung, Hsin-Hsuan and Liu, Shaoshan and Liu, Sijia and Shen, Xipeng and Ren, Bin and Wang, Yanzhi and Lin, Xue},
  booktitle={IEEE Real-Time and Embedded Technology and Applications Symposium (RTAS)}, 
  title={Brief Industry Paper: Towards Real-Time 3D Object Detection for Autonomous Vehicles with Pruning Search}, 
  year={2021},
  pages={425-428},
  }
 

@article{zhao2020achieving,
  title={Achieving Real-Time LiDAR 3D Object Detection on a Mobile Device},
  author={Zhao, Pu and Niu, Wei and Yuan, Geng and Cai, Yuxuan and Sung, Hsin-Hsuan and Liu, Sijia and Shen, Xipeng and Ren, Bin and Wang, Yanzhi and Lin, Xue},
  journal={arXiv preprint arXiv:2012.13801},
  year={2020}
}

@inproceedings{he2017channel,
  title={Channel pruning for accelerating very deep neural networks},
  author={He, Yihui and Zhang, Xiangyu and Sun, Jian},
  booktitle={Proceedings of the IEEE international conference on computer vision},
  pages={1389--1397},
  year={2017}
}

@article{frankle2018lottery,
  title={The lottery ticket hypothesis: Finding sparse, trainable neural networks},
  author={Frankle, Jonathan and Carbin, Michael},
  journal={arXiv preprint arXiv:1803.03635},
  year={2018}
}

@incollection{melkman1988polygonal,
  title={On polygonal chain approximation},
  author={Melkman, Avraham and O'ROURKE, Joseph},
  booktitle={Machine Intelligence and Pattern Recognition},
  pages={87--95},
  year={1988}
}

@article{ma2021sanity,
  title={Sanity checks for lottery tickets: Does your winning ticket really win the jackpot?},
  author={Ma, Xiaolong and Yuan, Geng and Shen, Xuan and Chen, Tianlong and Chen, Xuxi and Chen, Xiaohan and Liu, Ning and Qin, Minghai and Liu, Sijia and Wang, Zhangyang and others},
  journal={Advances in Neural Information Processing Systems},
  volume={34},
  pages={12749--12760},
  year={2021}
}

@article{han2008novel,
  title={A novel generalization of B{\'e}zier curve and surface},
  author={Han, Xi-An and Ma, YiChen and Huang, XiLi},
  journal={Journal of Computational and Applied Mathematics},
  volume={217},
  number={1},
  pages={180--193},
  year={2008},
  publisher={Elsevier}
}

@inproceedings{frankle2020linear,
  title={Linear mode connectivity and the lottery ticket hypothesis},
  author={Frankle, Jonathan and Dziugaite, Gintare Karolina and Roy, Daniel and Carbin, Michael},
  booktitle={International Conference on Machine Learning},
  pages={3259--3269},
  year={2020},
  organization={PMLR}
}

@article{han2015deep,
  title={Deep compression: Compressing deep neural networks with pruning, trained quantization and huffman coding},
  author={Han, Song and Mao, Huizi and Dally, William J},
  journal={arXiv preprint arXiv:1510.00149},
  year={2015}
}

 

@inproceedings{liu2020admm,
  title={An ADMM Based Framework for AutoML Pipeline Configuration},
  author={Liu, Sijia and Ram, Parikshit and Vijaykeerthy, Deepak and Bouneffouf, Djallel and Bramble, Gregory and Samulowitz, Horst and Wang, Dakuo and Conn, Andrew and Gray, Alexander G},
  booktitle={AAAI},
  pages={4892--4899},
  year={2020}
}

@article{liu2018rethinking,
  title={Rethinking the value of network pruning},
  author={Liu, Zhuang and Sun, Mingjie and Zhou, Tinghui and Huang, Gao and Darrell, Trevor},
  journal={arXiv preprint arXiv:1810.05270},
  year={2018}
}

@article{lee2018snip,
  title={Snip: Single-shot network pruning based on connection sensitivity},
  author={Lee, Namhoon and Ajanthan, Thalaiyasingam and Torr, Philip HS},
  journal={arXiv preprint arXiv:1810.02340},
  year={2018}
}

@inproceedings{chepuri2017learning,
  title={Learning sparse graphs under smoothness prior},
  author={Chepuri, Sundeep Prabhakar and Liu, Sijia and Leus, Geert and Hero, Alfred O},
  booktitle={2017 IEEE International Conference on Acoustics, Speech and Signal Processing (ICASSP)},
  pages={6508--6512},
  year={2017},
  organization={IEEE}
}


@inproceedings{chen2022quarantine,
  title={Quarantine: Sparsity Can Uncover the Trojan Attack Trigger for Free},
  author={Chen, Tianlong and Zhang, Zhenyu and Zhang, Yihua and Chang, Shiyu and Liu, Sijia and Wang, Zhangyang},
  booktitle={Proceedings of the IEEE/CVF Conference on Computer Vision and Pattern Recognition},
  pages={598--609},
  year={2022}
}
 
@inproceedings{wong2021leveraging,
  title={Leveraging sparse linear layers for debuggable deep networks},
  author={Wong, Eric and Santurkar, Shibani and Madry, Aleksander},
  booktitle={International Conference on Machine Learning},
  pages={11205--11216},
  year={2021},
  organization={PMLR}
}

 
 
 @article{borsos2020coresets,
  title={Coresets via bilevel optimization for continual learning and streaming},
  author={Borsos, Zal{\'a}n and Mutny, Mojmir and Krause, Andreas},
  journal={Advances in Neural Information Processing Systems},
  volume={33},
  pages={14879--14890},
  year={2020}
}




@InProceedings{pmlr-v139-liu21aa,
  title = 	 {Lottery Ticket Preserves Weight Correlation: Is It Desirable or Not?},
  author =       {Liu, Ning and Yuan, Geng and Che, Zhengping and Shen, Xuan and Ma, Xiaolong and Jin, Qing and Ren, Jian and Tang, Jian and Liu, Sijia and Wang, Yanzhi},
  booktitle = 	 {Proceedings of the 38th International Conference on Machine Learning},
  pages = 	 {7011--7020},
  year = 	 {2021},
  volume = 	 {139},
  month = 	 {Jul},
}

@article{xu2023machine,
  title={Machine unlearning: A survey},
  author={Xu, Heng and Zhu, Tianqing and Zhang, Lefeng and Zhou, Wanlei and Yu, Philip S},
  journal={ACM Computing Surveys},
  volume={56},
  number={1},
  pages={1--36},
  year={2023},
  publisher={ACM New York, NY, USA}
}
@inproceedings{zhang2023data,
  title={Data-model-circuit tri-design for ultra-light video intelligence on edge devices},
  author={Zhang, Yimeng and Kamath, Akshay Karkal and Wu, Qiucheng and Fan, Zhiwen and Chen, Wuyang and Wang, Zhangyang and Chang, Shiyu and Liu, Sijia and Hao, Cong},
  booktitle={Proceedings of the 28th Asia and South Pacific Design Automation Conference},
  pages={745--750},
  year={2023}
}