@inproceedings{cao2015towards,
  title={Towards making systems forget with machine unlearning},
  author={Cao, Yinzhi and Yang, Junfeng},
  booktitle={2015 IEEE Symposium on Security and Privacy},
  pages={463--480},
  year={2015},
  organization={IEEE}
}

@inproceedings{wang2022understanding,
  title={Understanding instance-level impact of fairness constraints},
  author={Wang, Jialu and Wang, Xin Eric and Liu, Yang},
  booktitle={International Conference on Machine Learning},
  pages={23114--23130},
  year={2022},
  organization={PMLR}
}

@inproceedings{bourtoule2021machine,
  title={Machine unlearning},
  author={Bourtoule, Lucas and Chandrasekaran, Varun and Choquette-Choo, Christopher A and Jia, Hengrui and Travers, Adelin and Zhang, Baiwu and Lie, David and Papernot, Nicolas},
  booktitle={2021 IEEE Symposium on Security and Privacy (SP)},
  pages={141--159},
  year={2021},
  organization={IEEE}
}

@article{hoofnagle2019european,
  title={The European Union general data protection regulation: what it is and what it means},
  author={Hoofnagle, Chris Jay and van der Sloot, Bart and Borgesius, Frederik Zuiderveen},
  journal={Information \& Communications Technology Law},
  volume={28},
  number={1},
  pages={65--98},
  year={2019},
  publisher={Taylor \& Francis}
}


@article{pardau2018california,
  title={The California consumer privacy act: Towards a European-style privacy regime in the United States},
  author={Pardau, Stuart L},
  journal={J. Tech. L. \& Pol'y},
  volume={23},
  pages={68},
  year={2018},
  publisher={HeinOnline}
}

@article{jaar2008canadian,
  title={Canadian privacy law: The personal information protection and electronic documents act (PIPEDA)},
  author={Jaar, Dominic and Zeller, Patrick E},
  journal={Int'l. In-House Counsel J.},
  volume={2},
  pages={1135},
  year={2008},
  publisher={HeinOnline}
}


@inproceedings{koh2017understanding,
  title={Understanding black-box predictions via influence functions},
  author={Koh, Pang Wei and Liang, Percy},
  booktitle={International conference on machine learning},
  pages={1885--1894},
  year={2017},
  organization={PMLR}
}

@article{goldblum2022dataset,
  title={Dataset security for machine learning: Data poisoning, backdoor attacks, and defenses},
  author={Goldblum, Micah and Tsipras, Dimitris and Xie, Chulin and Chen, Xinyun and Schwarzschild, Avi and Song, Dawn and Madry, Aleksander and Li, Bo and Goldstein, Tom},
  journal={IEEE Transactions on Pattern Analysis and Machine Intelligence},
  year={2022},
  publisher={IEEE}
}

@article{liu2022backdoor,
  title={Backdoor Defense with Machine Unlearning},
  author={Liu, Yang and Fan, Mingyuan and Chen, Cen and Liu, Ximeng and Ma, Zhuo and Wang, Li and Ma, Jianfeng},
  journal={arXiv preprint arXiv:2201.09538},
  year={2022}
}

@inproceedings{golatkar2020eternal,
  title={Eternal sunshine of the spotless net: Selective forgetting in deep networks},
  author={Golatkar, Aditya and Achille, Alessandro and Soatto, Stefano},
  booktitle={Proceedings of the IEEE/CVF Conference on Computer Vision and Pattern Recognition},
  pages={9304--9312},
  year={2020}
}

@article{warnecke2021machine,
  title={Machine Unlearning of Features and Labels},
  author={Warnecke, Alexander and Pirch, Lukas and Wressnegger, Christian and Rieck, Konrad},
  journal={arXiv preprint arXiv:2108.11577},
  year={2021}
}

@article{becker2022evaluating,
  title={Evaluating Machine Unlearning via Epistemic Uncertainty},
  author={Becker, Alexander and Liebig, Thomas},
  journal={arXiv preprint arXiv:2208.10836},
  year={2022}
}

@inproceedings{thudi2022necessity,
  title={On the necessity of auditable algorithmic definitions for machine unlearning},
  author={Thudi, Anvith and Jia, Hengrui and Shumailov, Ilia and Papernot, Nicolas},
  booktitle={31st USENIX Security Symposium (USENIX Security 22)},
  pages={4007--4022},
  year={2022}
}

@inproceedings{graves2021amnesiac,
  title={Amnesiac machine learning},
  author={Graves, Laura and Nagisetty, Vineel and Ganesh, Vijay},
  booktitle={Proceedings of the AAAI Conference on Artificial Intelligence},
  volume={35},
  pages={11516--11524},
  year={2021}
}

@article{thudi2021unrolling,
  title={Unrolling sgd: Understanding factors influencing machine unlearning},
  author={Thudi, Anvith and Deza, Gabriel and Chandrasekaran, Varun and Papernot, Nicolas},
  journal={arXiv preprint arXiv:2109.13398},
  year={2021}
}

@inproceedings{izzo2021approximate,
  title={Approximate data deletion from machine learning models},
  author={Izzo, Zachary and Smart, Mary Anne and Chaudhuri, Kamalika and Zou, James},
  booktitle={International Conference on Artificial Intelligence and Statistics},
  pages={2008--2016},
  year={2021},
  organization={PMLR}
}

 @article{parisi2019continual,
  title={Continual lifelong learning with neural networks: A review},
  author={Parisi, German I and Kemker, Ronald and Part, Jose L and Kanan, Christopher and Wermter, Stefan},
  journal={Neural Networks},
  volume={113},
  pages={54--71},
  year={2019},
  publisher={Elsevier}
}

@book{cook1982residuals,
  title={Residuals and influence in regression},
  author={Cook, R Dennis and Weisberg, Sanford},
  year={1982},
  publisher={New York: Chapman and Hall}
}



@article{bach2012optimization,
  title={Optimization with sparsity-inducing penalties},
  author={Bach, Francis and Jenatton, Rodolphe and Mairal, Julien and Obozinski, Guillaume and others},
  journal={Foundations and Trends{\textregistered} in Machine Learning},
  volume={4},
  number={1},
  pages={1--106},
  year={2012},
  publisher={Now Publishers, Inc.}
}

@inproceedings{dwork2006our,
  title={Our data, ourselves: Privacy via distributed noise generation},
  author={Dwork, Cynthia and Kenthapadi, Krishnaram and McSherry, Frank and Mironov, Ilya and Naor, Moni},
  booktitle={Annual international conference on the theory and applications of cryptographic techniques},
  pages={486--503},
  year={2006},
  organization={Springer}
}

@article{ginart2019making,
  title={Making ai forget you: Data deletion in machine learning},
  author={Ginart, Antonio and Guan, Melody and Valiant, Gregory and Zou, James Y},
  journal={Advances in neural information processing systems},
  volume={32},
  year={2019}
}

@article{guo2019certified,
  title={Certified data removal from machine learning models},
  author={Guo, Chuan and Goldstein, Tom and Hannun, Awni and Van Der Maaten, Laurens},
  journal={arXiv preprint arXiv:1911.03030},
  year={2019}
}

@inproceedings{neel2021descent,
  title={Descent-to-delete: Gradient-based methods for machine unlearning},
  author={Neel, Seth and Roth, Aaron and Sharifi-Malvajerdi, Saeed},
  booktitle={Algorithmic Learning Theory},
  pages={931--962},
  year={2021},
  organization={PMLR}
}

@inproceedings{ullah2021machine,
  title={Machine unlearning via algorithmic stability},
  author={Ullah, Enayat and Mai, Tung and Rao, Anup and Rossi, Ryan A and Arora, Raman},
  booktitle={Conference on Learning Theory},
  pages={4126--4142},
  year={2021},
  organization={PMLR}
}

@article{sekhari2021remember,
  title={Remember what you want to forget: Algorithms for machine unlearning},
  author={Sekhari, Ayush and Acharya, Jayadev and Kamath, Gautam and Suresh, Ananda Theertha},
  journal={Advances in Neural Information Processing Systems},
  volume={34},
  pages={18075--18086},
  year={2021}
}

@inproceedings{wang2022federated,
  title={Federated unlearning via class-discriminative pruning},
  author={Wang, Junxiao and Guo, Song and Xie, Xin and Qi, Heng},
  booktitle={Proceedings of the ACM Web Conference 2022},
  pages={622--632},
  year={2022}
}

@article{gould2016differentiating,
  title={On differentiating parameterized argmin and argmax problems with application to bi-level optimization},
  author={Gould, Stephen and Fernando, Basura and Cherian, Anoop and Anderson, Peter and Cruz, Rodrigo Santa and Guo, Edison},
  journal={arXiv preprint arXiv:1607.05447},
  year={2016}
}

@article{liu2022right,
  title={The Right to be Forgotten in Federated Learning: An Efficient Realization with Rapid Retraining},
  author={Liu, Yi and Xu, Lei and Yuan, Xingliang and Wang, Cong and Li, Bo},
  journal={arXiv preprint arXiv:2203.07320},
  year={2022}
}

@article{chien2022certified,
  title={Certified graph unlearning},
  author={Chien, Eli and Pan, Chao and Milenkovic, Olgica},
  journal={arXiv preprint arXiv:2206.09140},
  year={2022}
}

@inproceedings{chen2022graph,
  title={Graph unlearning},
  author={Chen, Min and Zhang, Zhikun and Wang, Tianhao and Backes, Michael and Humbert, Mathias and Zhang, Yang},
  booktitle={Proceedings of the 2022 ACM SIGSAC Conference on Computer and Communications Security},
  pages={499--513},
  year={2022}
}

@inproceedings{marchant2022hard,
  title={Hard to forget: Poisoning attacks on certified machine unlearning},
  author={Marchant, Neil G and Rubinstein, Benjamin IP and Alfeld, Scott},
  booktitle={Proceedings of the AAAI Conference on Artificial Intelligence},
  pages={7691--7700},
  year={2022}
}

@inproceedings{di2022hidden,
  title={Hidden Poison: Machine unlearning enables camouflaged poisoning attacks},
  author={Di, Jimmy Z and Douglas, Jack and Acharya, Jayadev and Kamath, Gautam and Sekhari, Ayush},
  booktitle={NeurIPS ML Safety Workshop},
  year={2022}
}


 
@inproceedings{
sattigeri2022fair,
title={Fair Infinitesimal Jackknife: Mitigating the Influence of Biased Training Data Points Without Refitting},
author={Prasanna Sattigeri and Soumya Ghosh and Inkit Padhi and Pierre Dognin and Kush R. Varshney},
booktitle={Advances in Neural Information Processing Systems},
year={2022},
}

@article{rosen2011right,
  title={The right to be forgotten},
  author={Rosen, Jeffrey},
  journal={Stan. L. Rev. Online},
  volume={64},
  pages={88},
  year={2011},
  publisher={HeinOnline}
}


@article{jain2022data,
  title={A data-based perspective on transfer learning},
  author={Jain, Saachi and Salman, Hadi and Khaddaj, Alaa and Wong, Eric and Park, Sung Min and Madry, Aleksander},
  journal={arXiv preprint arXiv:2207.05739},
  year={2022}
}

@inproceedings{wang2020practical,
  title={Practical detection of trojan neural networks: Data-limited and data-free cases},
  author={Wang, Ren and Zhang, Gaoyuan and Liu, Sijia and Chen, Pin-Yu and Xiong, Jinjun and Wang, Meng},
  booktitle={European Conference on Computer Vision},
  pages={222--238},
  year={2020},
  organization={Springer}
}

@article{diffenderfer2021winning,
  title={A winning hand: Compressing deep networks can improve out-of-distribution robustness},
  author={Diffenderfer, James and Bartoldson, Brian and Chaganti, Shreya and Zhang, Jize and Kailkhura, Bhavya},
  journal={Advances in Neural Information Processing Systems},
  volume={34},
  pages={664--676},
  year={2021}
}

@article{hooker2019compressed,
  title={What do compressed deep neural networks forget?},
  author={Hooker, Sara and Courville, Aaron and Clark, Gregory and Dauphin, Yann and Frome, Andrea},
  journal={arXiv preprint arXiv:1911.05248},
  year={2019}
}


 @article{nguyen2022survey,
  title={A survey of machine unlearning},
  author={Nguyen, Thanh Tam and Huynh, Thanh Trung and Nguyen, Phi Le and Liew, Alan Wee-Chung and Yin, Hongzhi and Nguyen, Quoc Viet Hung},
  journal={arXiv preprint arXiv:2209.02299},
  year={2022}
}

@article{wang2020against,
  title={Against membership inference attack: Pruning is all you need},
  author={Wang, Yijue and Wang, Chenghong and Wang, Zigeng and Zhou, Shanglin and Liu, Hang and Bi, Jinbo and Ding, Caiwen and Rajasekaran, Sanguthevar},
  journal={arXiv preprint arXiv:2008.13578},
  year={2020}
}


@inproceedings{luo2021scalable,
  title={Scalable differential privacy with sparse network finetuning},
  author={Luo, Zelun and Wu, Daniel J and Adeli, Ehsan and Fei-Fei, Li},
  booktitle={Proceedings of the IEEE/CVF Conference on Computer Vision and Pattern Recognition},
  pages={5059--5068},
  year={2021}
}


@inproceedings{song2019privacy,
  title={Privacy risks of securing machine learning models against adversarial examples},
  author={Song, Liwei and Shokri, Reza and Mittal, Prateek},
  booktitle={Proceedings of the 2019 ACM SIGSAC Conference on Computer and Communications Security},
  pages={241--257},
  year={2019}
}

@inproceedings{yeom2018privacy,
  title={Privacy risk in machine learning: Analyzing the connection to overfitting},
  author={Yeom, Samuel and Giacomelli, Irene and Fredrikson, Matt and Jha, Somesh},
  booktitle={2018 IEEE 31st computer security foundations symposium (CSF)},
  pages={268--282},
  year={2018},
  organization={IEEE}
}
@article{song2020systematic,
  title={Systematic evaluation of privacy risks of machine learning models},
  author={Song, Liwei and Mittal, Prateek},
  journal={arXiv preprint arXiv:2003.10595},
  year={2020}
}
@inproceedings{wu2022puma,
  title={Puma: Performance unchanged model augmentation for training data removal},
  author={Wu, Ga and Hashemi, Masoud and Srinivasa, Christopher},
  booktitle={Proceedings of the AAAI Conference on Artificial Intelligence},
  pages={8675--8682},
  year={2022}
}
@article{chen2021machine,
  title={Machine unlearning via GAN},
  author={Chen, Kongyang and Huang, Yao and Wang, Yiwen},
  journal={arXiv preprint arXiv:2111.11869},
  year={2021}
}

@article{cheng2023gnndelete,
  title={GNNDelete: A General Strategy for Unlearning in Graph Neural Networks},
  author={Cheng, Jiali and Dasoulas, George and He, Huan and Agarwal, Chirag and Zitnik, Marinka},
  journal={arXiv preprint arXiv:2302.13406},
  year={2023}
}
@article{gandikota2023erasing,
  title={Erasing Concepts from Diffusion Models},
  author={Gandikota, Rohit and Materzynska, Joanna and Fiotto-Kaufman, Jaden and Bau, David},
  journal={arXiv preprint arXiv:2303.07345},
  year={2023}
}
@article{zhang2023forget,
  title={Forget-Me-Not: Learning to Forget in Text-to-Image Diffusion Models},
  author={Zhang, Eric and Wang, Kai and Xu, Xingqian and Wang, Zhangyang and Shi, Humphrey},
  journal={arXiv preprint arXiv:2303.17591},
  year={2023}
}
