@book{puterman2014markov,
  title={Markov decision processes: discrete stochastic dynamic programming},
  author={Puterman, Martin L},
  year={2014},
  publisher={John Wiley \& Sons}
}

@book{duff2002optimal,
  title={Optimal Learning: Computational procedures for Bayes-adaptive Markov decision processes},
  author={Duff, Michael O'Gordon},
  year={2002},
  publisher={University of Massachusetts Amherst}
}

@article{littman2009tutorial,
  title={A tutorial on partially observable Markov decision processes},
  author={Littman, Michael L},
  journal={Journal of Mathematical Psychology},
  volume={53},
  number={3},
  pages={119--125},
  year={2009},
  publisher={Elsevier}
}

@article{DBLP:journals/ftml/GhavamzadehMPT15,
  author       = {Mohammad Ghavamzadeh and
                  Shie Mannor and
                  Joelle Pineau and
                  Aviv Tamar},
  title        = {Bayesian Reinforcement Learning: {A} Survey},
  journal      = {Foundations and Trends® in Machine Learning},
  volume       = {8},
  number       = {5-6},
  pages        = {359--483},
  year         = {2015}
}

@inproceedings{DBLP:conf/nips/GuezHSD14,
  author       = {Arthur Guez and
                  Nicolas Heess and
                  David Silver and
                  Peter Dayan},
  title        = {Bayes-Adaptive Simulation-based Search with Value Function Approximation},
  booktitle    = {Advances in Neural Information Processing Systems},
  pages        = {451--459},
  year         = {2014}
}

@inproceedings{DBLP:conf/uai/SorgSL10,
  author       = {Jonathan Sorg and
                  Satinder Singh and
                  Richard L. Lewis},
  title        = {Variance-Based Rewards for Approximate Bayesian Reinforcement Learning},
  booktitle    = {Uncertainty in Artificial Intelligence},
  pages        = {564--571},
  publisher    = {{AUAI} Press},
  year         = {2010}
}

@article{DBLP:journals/corr/abs-2005-01643,
  author       = {Sergey Levine and
                  Aviral Kumar and
                  George Tucker and
                  Justin Fu},
  title        = {Offline Reinforcement Learning: Tutorial, Review, and Perspectives on Open Problems},
  journal      = {CoRR},
  volume       = {abs/2005.01643},
  year         = {2020}
}

@article{
DBLP:journals/corr/abs-2402-13777,
title={Deep Generative Models for Offline Policy Learning: Tutorial, Survey, and Perspectives on Future Directions},
author={Jiayu Chen and Bhargav Ganguly and Yang Xu and Yongsheng Mei and Tian Lan and Vaneet Aggarwal},
journal={Transactions on Machine Learning Research},
issn={2835-8856},
year={2024}
}

@article{mackiewicz1993principal,
  title={Principal components analysis (PCA)},
  author={Ma{\'c}kiewicz, Andrzej and Ratajczak, Waldemar},
  journal={Computers \& Geosciences},
  volume={19},
  number={3},
  pages={303--342},
  year={1993},
  publisher={Elsevier}
}

@ARTICLE{1512794,
  author={Pironti, A. and Walker, M.},
  journal={IEEE Control Systems Magazine}, 
  title={Fusion, tokamaks, and plasma control: an introduction and tutorial}, 
  year={2005},
  volume={25},
  number={5},
  pages={30-43}}


@article{DBLP:journals/corr/abs-2404-12416,
  author       = {Ian Char and
                  Youngseog Chung and
                  Joseph Abbate and
                  Egemen Kolemen and
                  Jeff G. Schneider},
  title        = {Full Shot Predictions for the {DIII-D} Tokamak via Deep Recurrent
                  Networks},
  journal      = {CoRR},
  volume       = {abs/2404.12416},
  year         = {2024}
}

@inproceedings{DBLP:conf/iclr/ArgensonD21,
  author       = {Arthur Argenson and
                  Gabriel Dulac{-}Arnold},
  title        = {Model-Based Offline Planning},
  booktitle    = {International Conference on Learning Representations},
  publisher    = {OpenReview.net},
  year         = {2021}
}

@inproceedings{DBLP:conf/ijcai/ZhanZX22,
  author       = {Xianyuan Zhan and
                  Xiangyu Zhu and
                  Haoran Xu},
  title        = {Model-Based Offline Planning with Trajectory Pruning},
  booktitle    = {International Joint Conference on
                  Artificial Intelligence},
  pages        = {3716--3722},
  publisher    = {ijcai.org},
  year         = {2022}
}

@article{DBLP:journals/ral/DiehlSKHB23,
  author       = {Christopher Diehl and
                  Timo Sievernich and
                  Martin Kr{\"{u}}ger and
                  Frank Hoffmann and
                  Torsten Bertram},
  title        = {Uncertainty-Aware Model-Based Offline Reinforcement Learning for Automated Driving},
  journal      = {{IEEE} Robotics Automation Letters},
  volume       = {8},
  number       = {2},
  pages        = {1167--1174},
  year         = {2023}
}

@inproceedings{DBLP:conf/l4dc/CharABBCCEMRKS23,
  author       = {Ian Char and
                  Joseph Abbate and
                  Laszlo Bardoczi and
                  Mark D. Boyer and
                  Youngseog Chung and
                  Rory Conlin and
                  Keith Erickson and
                  Viraj Mehta and
                  Nathan Richner and
                  Egemen Kolemen and
                  Jeff G. Schneider},
  title        = {Offline Model-Based Reinforcement Learning for Tokamak Control},
  booktitle    = {Learning for Dynamics and Control Conference},
  volume       = {211},
  pages        = {1357--1372},
  year         = {2023}
}

@book{ariola2008magnetic,
  title={Magnetic control of tokamak plasmas},
  author={Ariola, Marco and Pironti, Alfredo and others},
  volume={187},
  year={2008},
  publisher={Springer}
}

@article{abbate2021data,
  title={Data-driven profile prediction for DIII-D},
  author={Abbate, Joseph and Conlin, Rory and Kolemen, Egemen},
  journal={Nuclear Fusion},
  volume={61},
  number={4},
  pages={046027},
  year={2021},
  publisher={IOP Publishing}
}

@inproceedings{DBLP:conf/nips/YuTYEZLFM20,
  author       = {Tianhe Yu and
                  Garrett Thomas and
                  Lantao Yu and
                  Stefano Ermon and
                  James Y. Zou and
                  Sergey Levine and
                  Chelsea Finn and
                  Tengyu Ma},
  title        = {{MOPO:} Model-based Offline Policy Optimization},
  booktitle    = {Advances in Neural Information Processing Systems},
  year         = {2020}
}

@inproceedings{DBLP:conf/nips/KidambiRNJ20,
  author       = {Rahul Kidambi and
                  Aravind Rajeswaran and
                  Praneeth Netrapalli and
                  Thorsten Joachims},
  title        = {MOReL: Model-Based Offline Reinforcement Learning},
  booktitle    = {Advances in Neural Information Processing Systems},
  year         = {2020}
}

@inproceedings{DBLP:conf/iclr/LuBPOR22,
  author       = {Cong Lu and
                  Philip J. Ball and
                  Jack Parker{-}Holder and
                  Michael A. Osborne and
                  Stephen J. Roberts},
  title        = {Revisiting Design Choices in Offline Model Based Reinforcement Learning},
  booktitle    = {International Conference on Learning Representations},
  publisher    = {OpenReview.net},
  year         = {2022}
}

@inproceedings{DBLP:conf/nips/YuKRRLF21,
  author       = {Tianhe Yu and
                  Aviral Kumar and
                  Rafael Rafailov and
                  Aravind Rajeswaran and
                  Sergey Levine and
                  Chelsea Finn},
  title        = {{COMBO:} Conservative Offline Model-Based Policy Optimization},
  booktitle    = {Advances in Neural Information Processing Systems},
  pages        = {28954--28967},
  year         = {2021}
}

@inproceedings{DBLP:conf/nips/GuoSG22,
  author       = {Kaiyang Guo and
                  Yunfeng Shao and
                  Yanhui Geng},
  title        = {Model-Based Offline Reinforcement Learning with Pessimism-Modulated
                  Dynamics Belief},
  booktitle    = {Advances in Neural Information Processing Systems},
  year         = {2022}
}

@article{garcia1989model,
  title={Model predictive control: Theory and practice—A survey},
  author={Garcia, Carlos E and Prett, David M and Morari, Manfred},
  journal={Automatica},
  volume={25},
  number={3},
  pages={335--348},
  year={1989},
  publisher={Elsevier}
}

@article{browne2012survey,
  title={A survey of monte carlo tree search methods},
  author={Browne, Cameron B and Powley, Edward and Whitehouse, Daniel and Lucas, Simon M and Cowling, Peter I and Rohlfshagen, Philipp and Tavener, Stephen and Perez, Diego and Samothrakis, Spyridon and Colton, Simon},
  journal={IEEE Transactions on Computational Intelligence and AI in Games},
  volume={4},
  number={1},
  pages={1--43},
  year={2012},
  publisher={IEEE}
}

@article{DBLP:journals/corr/abs-1712-01815,
  author       = {David Silver and
                  Thomas Hubert and
                  Julian Schrittwieser and
                  Ioannis Antonoglou and
                  Matthew Lai and
                  Arthur Guez and
                  Marc Lanctot and
                  Laurent Sifre and
                  Dharshan Kumaran and
                  Thore Graepel and
                  Timothy P. Lillicrap and
                  Karen Simonyan and
                  Demis Hassabis},
  title        = {Mastering Chess and Shogi by Self-Play with a General Reinforcement Learning Algorithm},
  journal      = {CoRR},
  volume       = {abs/1712.01815},
  year         = {2017}
}

@article{DBLP:journals/nature/SchrittwieserAH20,
  author       = {Julian Schrittwieser and
                  Ioannis Antonoglou and
                  Thomas Hubert and
                  Karen Simonyan and
                  Laurent Sifre and
                  Simon Schmitt and
                  Arthur Guez and
                  Edward Lockhart and
                  Demis Hassabis and
                  Thore Graepel and
                  Timothy P. Lillicrap and
                  David Silver},
  title        = {Mastering Atari, Go, chess and shogi by planning with a learned model},
  journal      = {Nature},
  volume       = {588},
  number       = {7839},
  pages        = {604--609},
  year         = {2020}
}

@misc{deepmind2024ai,
  author       = {AlphaProof and
                  AlphaGeometry},
  title        = {AI achieves silver-medal standard solving International Mathematical Olympiad problems},
  year         = {2024},
  howpublished = {\url{https://deepmind.google/discover/blog/ai-solves-imo-problems-at-silver-medal-level/}},
  note         = {Accessed: 2024-09-28}
}

@book{Sutton1998,
  author = {Sutton, Richard S. and Barto, Andrew G.},
  edition = {Second},
  publisher = {The MIT Press},
  title = {Reinforcement Learning: An Introduction},
  year = {2018 }
}


@article{DBLP:journals/nature/SilverSSAHGHBLB17,
  author       = {David Silver and
                  Julian Schrittwieser and
                  Karen Simonyan and
                  Ioannis Antonoglou and
                  Aja Huang and
                  Arthur Guez and
                  Thomas Hubert and
                  Lucas Baker and
                  Matthew Lai and
                  Adrian Bolton and
                  Yutian Chen and
                  Timothy P. Lillicrap and
                  Fan Hui and
                  Laurent Sifre and
                  George van den Driessche and
                  Thore Graepel and
                  Demis Hassabis},
  title        = {Mastering the game of Go without human knowledge},
  journal      = {Nat.},
  volume       = {550},
  number       = {7676},
  pages        = {354--359},
  year         = {2017}
}

@inproceedings{DBLP:conf/icml/HubertSABSS21,
  author       = {Thomas Hubert and
                  Julian Schrittwieser and
                  Ioannis Antonoglou and
                  Mohammadamin Barekatain and
                  Simon Schmitt and
                  David Silver},
  title        = {Learning and Planning in Complex Action Spaces},
  booktitle    = {International Conference on Machine Learning},
  series       = {Proceedings of Machine Learning Research},
  volume       = {139},
  pages        = {4476--4486},
  publisher    = {{PMLR}},
  year         = {2021}
}

@inproceedings{DBLP:conf/nips/SchrittwieserHM21,
  author       = {Julian Schrittwieser and
                  Thomas Hubert and
                  Amol Mandhane and
                  Mohammadamin Barekatain and
                  Ioannis Antonoglou and
                  David Silver},
  title        = {Online and Offline Reinforcement Learning by Planning with a Learned
                  Model},
  booktitle    = {Advances in Neural Information Processing Systems},
  pages        = {27580--27591},
  year         = {2021}
}

@inproceedings{DBLP:conf/nips/YeLKAG21,
  author       = {Weirui Ye and
                  Shaohuai Liu and
                  Thanard Kurutach and
                  Pieter Abbeel and
                  Yang Gao},
  title        = {Mastering Atari Games with Limited Data},
  booktitle    = {Advances in Neural Information Processing Systems},
  pages        = {25476--25488},
  year         = {2021}
}


@inproceedings{DBLP:conf/iclr/DanihelkaGSS22,
  author       = {Ivo Danihelka and
                  Arthur Guez and
                  Julian Schrittwieser and
                  David Silver},
  title        = {Policy improvement by planning with Gumbel},
  booktitle    = {International Conference on Learning Representations},
  publisher    = {OpenReview.net},
  year         = {2022}
}

@inproceedings{DBLP:conf/iclr/AntonoglouSOHS22,
  author       = {Ioannis Antonoglou and
                  Julian Schrittwieser and
                  Sherjil Ozair and
                  Thomas K. Hubert and
                  David Silver},
  title        = {Planning in Stochastic Environments with a Learned Model},
  booktitle    = {International Conference on Learning Representations},
  publisher    = {OpenReview.net},
  year         = {2022}
}

@article{oren2022mcts,
  title={E-MCTS: Deep Exploration in Model-Based Reinforcement Learning by Planning with Epistemic Uncertainty},
  author={Oren, Yaniv and Spaan, Matthijs TJ and B{\"o}hmer, Wendelin},
  journal={arXiv preprint arXiv:2210.13455},
  year={2022}
}

@misc{
zhao2024a,
title={A Perspective of Improper Dynamics on Offline Model-based Planning},
author={Chen Zhao and Yazhe Niu and Kaixin Huang and Yu Liu and Chun Yuan},
year={2024},
url={https://openreview.net/forum?id=7kubdPrlRY}
}

@inproceedings{DBLP:conf/nips/NiuPYLZRHLL23,
  author       = {Yazhe Niu and
                  Yuan Pu and
                  Zhenjie Yang and
                  Xueyan Li and
                  Tong Zhou and
                  Jiyuan Ren and
                  Shuai Hu and
                  Hongsheng Li and
                  Yu Liu},
  title        = {LightZero: {A} Unified Benchmark for Monte Carlo Tree Search in General
                  Sequential Decision Scenarios},
  booktitle    = {Advances in Neural Information Processing Systems},
  year         = {2023}
}

@inproceedings{DBLP:conf/icml/PoupartVHR06,
  author       = {Pascal Poupart and
                  Nikos Vlassis and
                  Jesse Hoey and
                  Kevin Regan},
  title        = {An analytic solution to discrete Bayesian reinforcement learning},
  booktitle    = {International Conference on Machine Learning},
  volume       = {148},
  pages        = {697--704},
  publisher    = {{ACM}},
  year         = {2006}
}

@inproceedings{DBLP:conf/uai/AsmuthLLNW09,
  author       = {John Asmuth and
                  Lihong Li and
                  Michael L. Littman and
                  Ali Nouri and
                  David Wingate},
  title        = {A Bayesian Sampling Approach to Exploration in Reinforcement Learning},
  booktitle    = {Uncertainty in Artificial Intelligence},
  pages        = {19--26},
  publisher    = {{AUAI} Press},
  year         = {2009}
}

@inproceedings{DBLP:conf/pkdd/CastroP10,
  author       = {Pablo Samuel Castro and
                  Doina Precup},
  title        = {Smarter Sampling in Model-Based Bayesian Reinforcement Learning},
  booktitle    = {Joint European Conference on Machine Learning and Knowledge Discovery in Databases},
  volume       = {6321},
  pages        = {200--214},
  publisher    = {Springer},
  year         = {2010}
}

@inproceedings{asmuth2011approaching,
  title={Approaching Bayes-optimalilty using Monte-Carlo tree search},
  author={Asmuth, John and Littman, Michael L},
  booktitle={International Conference on Automated Planning and Scheduling},
  year={2011}
}

@inproceedings{DBLP:conf/icml/WangWHL12,
  author       = {Yi Wang and
                  Kok Sung Won and
                  David Hsu and
                  Wee Sun Lee},
  title        = {Monte Carlo Bayesian Reinforcement Learning},
  booktitle    = {International Conference on Machine Learning},
  year         = {2012}
}

@inproceedings{DBLP:conf/adprl/FonteneauBM13,
  author       = {Rapha{\"{e}}l Fonteneau and
                  Lucian Busoniu and
                  R{\'{e}}mi Munos},
  title        = {Optimistic planning for belief-augmented Markov Decision Processes},
  booktitle    = {{IEEE} Symposium on Adaptive Dynamic Programming and Reinforcement Learning},
  pages        = {77--84},
  publisher    = {{IEEE}},
  year         = {2013}
}

@article{DBLP:journals/jair/GuezSD13,
  author       = {Arthur Guez and
                  David Silver and
                  Peter Dayan},
  title        = {Scalable and Efficient Bayes-Adaptive Reinforcement Learning Based on Monte-Carlo Tree Search},
  journal      = {Journal of Artificial Intelligence Research},
  volume       = {48},
  pages        = {841--883},
  year         = {2013}
}

@inproceedings{DBLP:conf/nips/ImaniGB18,
  author       = {Mahdi Imani and
                  Seyede Fatemeh Ghoreishi and
                  Ulisses M. Braga{-}Neto},
  title        = {Bayesian Control of Large MDPs with Unknown Dynamics in Data-Poor Environments},
  booktitle    = {Advances in Neural Information Processing Systems},
  pages        = {8157--8167},
  year         = {2018}
}

@article{DBLP:journals/iet-cps/SladeSK20,
  author       = {Patrick Slade and
                  Zachary N. Sunberg and
                  Mykel J. Kochenderfer},
  title        = {Estimation and control using sampling-based Bayesian reinforcement
                  learning},
  journal      = {{IET} Cyber-Physical Systems: Theory \& Applications},
  volume       = {5},
  number       = {1},
  pages        = {127--135},
  year         = {2020}
}

@article{DBLP:journals/corr/abs-2010-15948,
  author       = {Tai Hoang and
                  Ngo Anh Vien},
  title        = {Bayes-Adaptive Deep Model-Based Policy Optimisation},
  journal      = {CoRR},
  volume       = {abs/2010.15948},
  year         = {2020}
}

@article{DBLP:journals/heuristics/BertsekasC99,
  author       = {Dimitri P. Bertsekas and
                  David A. Casta{\~{n}}{\'{o}}n},
  title        = {Rollout Algorithms for Stochastic Scheduling Problems},
  journal      = {Journal of Heuristics},
  volume       = {5},
  number       = {1},
  pages        = {89--108},
  year         = {1999}
}

@inproceedings{DBLP:conf/ecml/KocsisS06,
  author       = {Levente Kocsis and
                  Csaba Szepesv{\'{a}}ri},
  title        = {Bandit Based Monte-Carlo Planning},
  booktitle    = {European Conference on Machine Learning},
  volume       = {4212},
  pages        = {282--293},
  publisher    = {Springer},
  year         = {2006}
}

@inproceedings{DBLP:conf/icml/HaarnojaZAL18,
  author       = {Tuomas Haarnoja and
                  Aurick Zhou and
                  Pieter Abbeel and
                  Sergey Levine},
  title        = {Soft Actor-Critic: Off-Policy Maximum Entropy Deep Reinforcement Learning with a Stochastic Actor},
  booktitle    = {International Conference on Machine Learning},
  volume       = {80},
  pages        = {1856--1865},
  publisher    = {{PMLR}},
  year         = {2018}
}

@inproceedings{DBLP:conf/icml/GhoshAAL22,
  author       = {Dibya Ghosh and
                  Anurag Ajay and
                  Pulkit Agrawal and
                  Sergey Levine},
  title        = {Offline {RL} Policies Should Be Trained to be Adaptive},
  booktitle    = {International Conference on Machine Learning},
  volume       = {162},
  pages        = {7513--7530},
  publisher    = {{PMLR}},
  year         = {2022}
}

@inproceedings{DBLP:conf/nips/Lakshminarayanan17,
  author       = {Balaji Lakshminarayanan and
                  Alexander Pritzel and
                  Charles Blundell},
  title        = {Simple and Scalable Predictive Uncertainty Estimation using Deep Ensembles},
  booktitle    = {Advances in Neural Information Processing Systems},
  pages        = {6402--6413},
  year         = {2017}
}

@inproceedings{DBLP:conf/lion/CouetouxHSTB11,
  author       = {Adrien Cou{\"{e}}toux and
                  Jean{-}Baptiste Hoock and
                  Nataliya Sokolovska and
                  Olivier Teytaud and
                  Nicolas Bonnard},
  title        = {Continuous Upper Confidence Trees},
  booktitle    = {International Conference on Learning and Intelligent Optimization},
  volume       = {6683},
  pages        = {433--445},
  publisher    = {Springer},
  year         = {2011}
}

@inproceedings{DBLP:conf/pkdd/AugerCT13,
  author       = {David Auger and
                  Adrien Cou{\"{e}}toux and
                  Olivier Teytaud},
  title        = {Continuous Upper Confidence Trees with Polynomial Exploration - Consistency},
  booktitle    = {European Conference on Machine Learning and Principles and Practice of Knowledge Discovery in Databases},
  volume       = {8188},
  pages        = {194--209},
  publisher    = {Springer},
  year         = {2013}
}

@inproceedings{DBLP:conf/aaai/LeeJKK20,
  author       = {Jongmin Lee and
                  Wonseok Jeon and
                  Geon{-}Hyeong Kim and
                  Kee{-}Eung Kim},
  title        = {Monte-Carlo Tree Search in Continuous Action Spaces with Value Gradients},
  booktitle    = {The Thirty-Fourth {AAAI} Conference on Artificial Intelligence},
  pages        = {4561--4568},
  publisher    = {{AAAI} Press},
  year         = {2020}
}

@inproceedings{DBLP:conf/aips/SunbergK18,
  author       = {Zachary N. Sunberg and
                  Mykel J. Kochenderfer},
  title        = {Online Algorithms for POMDPs with Continuous State, Action, and Observation
                  Spaces},
  booktitle    = {International Conference on Automated
                  Planning and Scheduling},
  pages        = {259--263},
  publisher    = {{AAAI} Press},
  year         = {2018}
}

@inproceedings{DBLP:conf/iclr/LiuLLYX23,
  author       = {Zichen Liu and
                  Siyi Li and
                  Wee Sun Lee and
                  Shuicheng Yan and
                  Zhongwen Xu},
  title        = {Efficient Offline Policy Optimization with a Learned Model},
  booktitle    = {International Conference on Learning Representations},
  publisher    = {OpenReview.net},
  year         = {2023}
}

@inproceedings{DBLP:conf/iclr/HamrickFBGVWABV21,
  author       = {Jessica B. Hamrick and
                  Abram L. Friesen and
                  Feryal M. P. Behbahani and
                  Arthur Guez and
                  Fabio Viola and
                  Sims Witherspoon and
                  Thomas Anthony and
                  Lars Holger Buesing and
                  Petar Velickovic and
                  Theophane Weber},
  title        = {On the role of planning in model-based deep reinforcement learning},
  booktitle    = {International Conference on Learning Representations},
  publisher    = {OpenReview.net},
  year         = {2021}
}

@article{DBLP:journals/corr/abs-2004-07219,
  author       = {Justin Fu and
                  Aviral Kumar and
                  Ofir Nachum and
                  George Tucker and
                  Sergey Levine},
  title        = {{D4RL:} Datasets for Deep Data-Driven Reinforcement Learning},
  journal      = {CoRR},
  volume       = {abs/2004.07219},
  year         = {2020}
}

@inproceedings{DBLP:conf/nips/KumarZTL20,
  author       = {Aviral Kumar and
                  Aurick Zhou and
                  George Tucker and
                  Sergey Levine},
  title        = {Conservative Q-Learning for Offline Reinforcement Learning},
  booktitle    = {Advances in Neural Information Processing Systems},
  year         = {2020}
}

@inproceedings{DBLP:conf/nips/KumarFSTL19,
  author       = {Aviral Kumar and
                  Justin Fu and
                  Matthew Soh and
                  George Tucker and
                  Sergey Levine},
  title        = {Stabilizing Off-Policy Q-Learning via Bootstrapping Error Reduction},
  booktitle    = {Advances in Neural Information Processing Systems},
  pages        = {11761--11771},
  year         = {2019}
}

@article{DBLP:journals/corr/abs-1911-11361,
  author       = {Yifan Wu and
                  George Tucker and
                  Ofir Nachum},
  title        = {Behavior Regularized Offline Reinforcement Learning},
  journal      = {CoRR},
  volume       = {abs/1911.11361},
  year         = {2019},
  url          = {http://arxiv.org/abs/1911.11361},
  eprinttype    = {arXiv},
  eprint       = {1911.11361},
  timestamp    = {Tue, 03 Dec 2019 14:15:54 +0100},
  biburl       = {https://dblp.org/rec/journals/corr/abs-1911-11361.bib},
  bibsource    = {dblp computer science bibliography, https://dblp.org}
}

@article{DBLP:journals/corr/abs-2305-17327,
  author       = {Jiayu Chen and
                  Tian Lan and
                  Vaneet Aggarwal},
  title        = {Hierarchical Deep Counterfactual Regret Minimization},
  journal      = {CoRR},
  volume       = {abs/2305.17327},
  year         = {2023}
}

