@inproceedings{ren2022balanced,
  title={Balanced mse for imbalanced visual regression},
  author={Ren, Jiawei and Zhang, Mingyuan and Yu, Cunjun and Liu, Ziwei},
  booktitle={Proceedings of the IEEE/CVF Conference on Computer Vision and Pattern Recognition},
  pages={7926--7935},
  year={2022}
}

@phdthesis{Mosley2013ABA,
  title={A balanced approach to the multi-class imbalance problem},
  author={Mosley, Lawrence Se’kou Denu},
  year={2013},
  school={Iowa State University}
}


@article{pages2004analyse,
  title={Analyse factorielle de donnees mixtes: principe et exemple d’application},
  author={Pag{\`e}s, J{\'e}r{\^o}me},
  journal={Revue de statistique appliqu{\'e}e},
  volume={52},
  number={4},
  pages={93--111},
  year={2004}
}


@article{Lee2000GN,
    author = {Lee and Sauchi},
    title = {Noisy replication in skewed binary classification},
    journal = {Computational Statistics and Data Analysis},
    volume = {34},
    number = {2},
    pages = {165--191},
    year = {2000}
}

@inproceedings{branco2017smogn,
  title={SMOGN: a pre-processing approach for imbalanced regression},
  author={Branco, Paula and Torgo, Lu{\'\i}s and Ribeiro, Rita P},
  booktitle={First international workshop on learning with imbalanced domains: Theory and applications},
  pages={36--50},
  year={2017},
  organization={PMLR}
}

@inproceedings{han2005borderline,
  title={Borderline-SMOTE: a new over-sampling method in imbalanced data sets learning},
  author={Han, Hui and Wang, Wen-Yuan and Mao, Bing-Huan},
  booktitle={Advances in Intelligent Computing: International Conference on Intelligent Computing, ICIC 2005, Hefei, China, August 23-26, 2005, Proceedings, Part I 1},
  pages={878--887},
  year={2005},
  organization={Springer}
}

@article{batista2004study,
  title={A study of the behavior of several methods for balancing machine learning training data},
  author={Batista, Gustavo EAPA and Prati, Ronaldo C and Monard, Maria Carolina},
  journal={ACM SIGKDD explorations newsletter},
  volume={6},
  number={1},
  pages={20--29},
  year={2004},
  publisher={ACM New York, NY, USA}
}

@article{douzas2018improving,
  title={Improving imbalanced learning through a heuristic oversampling method based on k-means and SMOTE},
  author={Douzas, Georgios and Bacao, Fernando and Last, Felix},
  journal={Information Sciences},
  volume={465},
  pages={1--20},
  year={2018},
  publisher={Elsevier}
}

@article{douzas2017geometric,
  title={Geometric SMOTE: Effective oversampling for imbalanced learning through a geometric extension of SMOTE},
  author={Douzas, Georgios and Bacao, Fernando},
  journal={arXiv preprint arXiv:1709.07377},
  year={2017}
}

@article{wilson1972asymptotic,
  author={Wilson, Dennis L.},
  journal={IEEE Transactions on Systems, Man, and Cybernetics}, 
  title={Asymptotic Properties of Nearest Neighbor Rules Using Edited Data}, 
  year={1972},
  volume={SMC-2},
  number={3},
  pages={408-421},
  doi={10.1109/TSMC.1972.4309137}}

@article{tomek1976two,
  author={Tomek},
  journal={IEEE Transactions on Systems, Man, and Cybernetics}, 
  title={Two Modifications of CNN}, 
  year={1976},
  volume={SMC-6},
  number={11},
  pages={769-772},
  doi={10.1109/TSMC.1976.4309452}}

@article{falk1989weak,
  title={Weak convergence of smoothed and nonsmoothed bootstrap quantile estimates},
  author={Falk, M and Reiss, R-D},
  journal={The Annals of Probability},
  pages={362--371},
  year={1989},
  publisher={JSTOR}
}

@inproceedings{tang2015kerneladasyn,
  title={KernelADASYN: Kernel based adaptive synthetic data generation for imbalanced learning},
  author={Tang, Bo and He, Haibo},
  booktitle={2015 IEEE congress on evolutionary computation (CEC)},
  pages={664--671},
  year={2015},
  organization={IEEE}
}

@article{Menardi2014ROSE,
    author = {Menardi and Torelli},
    title = {Training and assessing classification rules with imbalanced data},
    journal = {Data Mining and Knowledge Discovery},
    volume = {28},
    number = {1},
    pages = {92--122},
    year = {2014}
}

@inproceedings{he2008adasyn,
  title={ADASYN: Adaptive synthetic sampling approach for imbalanced learning},
  author={He, Haibo and Bai, Yang and Garcia, Edwardo A and Li, Shutao},
  booktitle={2008 IEEE international joint conference on neural networks (IEEE world congress on computational intelligence)},
  pages={1322--1328},
  year={2008},
  organization={IEEE}
}

@inproceedings{bunkhumpornpat2009safe,
  title={Safe-level-smote: Safe-level-synthetic minority over-sampling technique for handling the class imbalanced problem},
  author={Bunkhumpornpat, Chumphol and Sinapiromsaran, Krung and Lursinsap, Chidchanok},
  booktitle={Advances in Knowledge Discovery and Data Mining: 13th Pacific-Asia Conference, PAKDD 2009 Bangkok, Thailand, April 27-30, 2009 Proceedings 13},
  pages={475--482},
  year={2009},
  organization={Springer}
}

@article{steininger2021density,
  title={Density-based weighting for imbalanced regression},
  author={Steininger, Michael and Kobs, Konstantin and Davidson, Padraig and Krause, Anna and Hotho, Andreas},
  journal={Machine Learning},
  volume={110},
  pages={2187--2211},
  year={2021},
  publisher={Springer}
}

@article{ribeiro2020imbalanced,
  title={Imbalanced regression and extreme value prediction},
  author={Ribeiro, Rita P and Moniz, Nuno},
  journal={Machine Learning},
  volume={109},
  pages={1803--1835},
  year={2020},
  publisher={Springer}
}

@inproceedings{wu2023imbalancedlearningregression,
  title={ImbalancedLearningRegression-A Python Package to Tackle the Imbalanced Regression Problem},
  author={Wu, Wenglei and Kunz, Nicholas and Branco, Paula},
  booktitle={Machine Learning and Knowledge Discovery in Databases: European Conference, ECML PKDD 2022, Grenoble, France, September 19--23, 2022, Proceedings, Part VI},
  pages={645--648},
  year={2023},
  organization={Springer}
}

@article{krawczyk2016learning,
  title={Learning from imbalanced data: open challenges and future directions},
  author={Krawczyk, Bartosz},
  journal={Progress in Artificial Intelligence},
  volume={5},
  number={4},
  pages={221--232},
  year={2016},
  publisher={Springer}
}

@article{Bowman1999AppliedST,
  title={Applied smoothing techniques for data analysis : the kernel approach with S-plus illustrations},
  author={Adrian W. Bowman and Adelchi Azzalini},
  journal={Journal of the American Statistical Association},
  year={1999},
  volume={94},
  pages={982}
}

@book{biau2015lectures,
  title={Lectures on the nearest neighbor method},
  author={Biau, G{\'e}rard and Devroye, Luc},
  volume={246},
  year={2015},
  publisher={Springer}
}

@article{ding2022deep,
  title={Deep imbalanced regression using cost-sensitive learning and deep feature transfer for bearing remaining useful life estimation},
  author={Ding, Yifei and Jia, Minping and Zhuang, Jichao and Ding, Peng},
  journal={Applied Soft Computing},
  volume={127},
  pages={109271},
  year={2022},
  publisher={Elsevier}
}

@article{H2OAutoML20,
    title = {{H2O} {A}uto{ML}: Scalable Automatic Machine Learning},
    author = {Erin LeDell and Sebastien Poirier},
    year = {2020},
    month = {July},
    journal = {7th ICML Workshop on Automated Machine Learning (AutoML)},
    url = {https://www.automl.org/wp-content/uploads/2020/07/AutoML_2020_paper_61.pdf},
}

@inproceedings{song2022distsmogn,
  title={DistSMOGN: Distributed SMOGN for Imbalanced Regression Problems},
  author={Song, Xin Yue and Dao, Nam and Branco, Paula},
  booktitle={Fourth International Workshop on Learning with Imbalanced Domains: Theory and Applications},
  pages={38--52},
  year={2022},
  organization={PMLR}
}

@article{branco2016ubl,
  title={UBL: an R package for utility-based learning},
  author={Branco, Paula and Ribeiro, Rita P and Torgo, Luis},
  journal={arXiv preprint arXiv:1604.08079},
  year={2016}
}

@article{sen2023dealing,
  title={Dealing with imbalanced regression problem for large dataset using scalable Artificial Neural Network},
  author={Sen, Snigdha and Singh, Krishna Pratap and Chakraborty, Pavan},
  journal={New Astronomy},
  volume={99},
  pages={101959},
  year={2023},
  publisher={Elsevier}
}

@inproceedings{torgo2007utility,
  title={Utility-based regression},
  author={Torgo, Luis and Ribeiro, Rita},
  booktitle={Knowledge Discovery in Databases: PKDD 2007: 11th European Conference on Principles and Practice of Knowledge Discovery in Databases, Warsaw, Poland, September 17-21, 2007. Proceedings 11},
  pages={597--604},
  year={2007},
  organization={Springer}
}


@article{camacho2022geometric,
  title={Geometric SMOTE for regression},
  author={Camacho, Lu{\'\i}s and Douzas, Georgios and Bacao, Fernando},
  journal={Expert Systems with Applications},
  pages={116387},
  year={2022},
  publisher={Elsevier}
}

@book{fernandez2018learning,
  title={Learning from imbalanced data sets},
  author={Fern{\'a}ndez, Alberto and Garc{\'\i}a, Salvador and Galar, Mikel and Prati, Ronaldo C and Krawczyk, Bartosz and Herrera, Francisco},
  volume={10},
  year={2018},
  publisher={Springer}
}

@article{fernandez2018smote,
  title={SMOTE for learning from imbalanced data: progress and challenges, marking the 15-year anniversary},
  author={Fern{\'a}ndez, Alberto and Garcia, Salvador and Herrera, Francisco and Chawla, Nitesh V},
  journal={Journal of artificial intelligence research},
  volume={61},
  pages={863--905},
  year={2018}
}

@inproceedings{torgo2013smote,
  title={Smote for regression},
  author={Torgo, Lu{\'\i}s and Ribeiro, Rita P and Pfahringer, Bernhard and Branco, Paula},
  booktitle={Portuguese conference on artificial intelligence},
  pages={378--389},
  year={2013},
  organization={Springer}
}

@article{Chawla2002Smote,
    author = {Chawla and Bowyer and Hall and Kegelmeyer},
    title = {SMOTE: Synthetic Minority Over-sampling Technique},
    journal = {Journal of Artificial Intelligence Research},
    volume = {16},
    number = {},
    pages = {321--357},
    year = {2002}
}

@article{de2008multivariate,
  title={On multivariate smoothed bootstrap consistency},
  author={De Martini, Daniele and Rapallo, Fabio},
  journal={Journal of statistical planning and inference},
  volume={138},
  number={6},
  pages={1828--1835},
  year={2008},
  publisher={Elsevier}
}

@book{silverman1986density,
  title={Density estimation for statistics and data analysis},
  author={Silverman, Bernard W},
  volume={26},
  year={1986},
  publisher={CRC press}
}

@book{scott2015multivariate,
  title={Multivariate density estimation: theory, practice, and visualization},
  author={Scott, David W},
  year={2015},
  publisher={John Wiley \& Sons}
}

@article{duong2005cross,
  title={Cross-validation bandwidth matrices for multivariate kernel density estimation},
  author={Duong, Tarn and Hazelton, Martin L},
  journal={Scandinavian Journal of Statistics},
  volume={32},
  number={3},
  pages={485--506},
  year={2005},
  publisher={Wiley Online Library}
}

@book{duong2004bandwidth,
  title={Bandwidth selectors for multivariate kernel density estimation},
  author={Duong, Tarn},
  year={2004},
  publisher={University of Western Australia Perth}
}

@article{duong2007ks,
  title={ks: Kernel density estimation and kernel discriminant analysis for multivariate data in R},
  author={Duong, Tarn},
  journal={Journal of statistical software},
  volume={21},
  pages={1--16},
  year={2007}
}

@phdthesis{some2015estimations,
  title={Estimations non param{\'e}triques par noyaux associ{\'e}s multivari{\'e}s et applications},
  author={Some{\'e}, Sobom Matthieu},
  year={2015},
  school={Universit{\'e} de Franche-Comt{\'e}}
}

@article{hayfield2008nonparametric,
  title={Nonparametric econometrics: The np package},
  author={Hayfield, Tristen and Racine, Jeffrey S},
  journal={Journal of statistical software},
  volume={27},
  pages={1--32},
  year={2008}
}

@article{hall1989smoothing,
  title={On smoothing and the bootstrap},
  author={Hall, Peter and DiCiccio, Thomas J and Romano, Joseph P},
  journal={The Annals of Statistics},
  pages={692--704},
  year={1989},
  publisher={JSTOR}
}

@article{de1992smoothing,
  title={Smoothing the bootstrap},
  author={De Angelis, Daniela and Young, G Alastair},
  journal={International Statistical Review/Revue Internationale de Statistique},
  pages={45--56},
  year={1992},
  publisher={JSTOR}
}

@article{silverman1987bootstrap,
  title={The bootstrap: to smooth or not to smooth?},
  author={Silverman, BW and Young, GA},
  journal={Biometrika},
  volume={74},
  number={3},
  pages={469--479},
  year={1987},
  publisher={Oxford University Press}
}

@article{elreedy2023theoretical,
  title={A theoretical distribution analysis of synthetic minority oversampling technique (SMOTE) for imbalanced learning},
  author={Elreedy, Dina and Atiya, Amir F and Kamalov, Firuz},
  journal={Machine Learning},
  pages={1--21},
  year={2023},
  publisher={Springer}
}

@article{charpentier2015log,
  title={Log-transform kernel density estimation of income distribution},
  author={Charpentier, Arthur and Flachaire, Emmanuel},
  journal={L'Actualit{\'e} {\'e}conomique},
  volume={91},
  number={1},
  pages={141--159},
  year={2015},
  publisher={{\'E}rudit}
}

@article{charpentier2010beta,
  title={Beta kernel quantile estimators of heavy-tailed loss distributions},
  author={Charpentier, Arthur and Oulidi, Abder},
  journal={Statistics and computing},
  volume={20},
  number={1},
  pages={35--55},
  year={2010},
  publisher={Springer}
}

@article{gu2020self,
  title={A self-adaptive synthetic over-sampling technique for imbalanced classification},
  author={Gu, Xiaowei and Angelov, Plamen P and Soares, Eduardo A},
  journal={International Journal of Intelligent Systems},
  volume={35},
  number={6},
  pages={923--943},
  year={2020},
  publisher={Wiley Online Library}
}

@article{so2021synthetic,
  title={Synthetic dataset generation of driver telematics},
  author={So, Banghee and Boucher, Jean-Philippe and Valdez, Emiliano A},
  journal={Risks},
  volume={9},
  number={4},
  pages={58},
  year={2021},
  publisher={MDPI}
}

@inproceedings{stocksieker2023data,
  title={Data Augmentation for Imbalanced Regression},
  author={Stocksieker, Samuel and Pommeret, Denys and Charpentier, Arthur},
  booktitle={International Conference on Artificial Intelligence and Statistics},
  pages={7774--7799},
  year={2023},
  organization={PMLR}
}

@article{branco2019pre,
  title={Pre-processing approaches for imbalanced distributions in regression},
  author={Branco, Paula and Torgo, Luis and Ribeiro, Rita P},
  journal={Neurocomputing},
  volume={343},
  pages={76--99},
  year={2019},
  publisher={Elsevier}
}

@article{wildBoostrap,
author = {C. F. J. Wu},
title = {{Jackknife, Bootstrap and Other Resampling Methods in Regression Analysis}},
volume = {14},
journal = {The Annals of Statistics},
number = {4},
publisher = {Institute of Mathematical Statistics},
pages = {1261 -- 1295},
keywords = {$M$-regression, balanced residuals, bias reduction, bias-robustness, bootstrap, Fieller's linterval, generalized linear models, jackknife percentile, Linear regression, Nonlinear regression, representation of the least squares estimator, variable jackknife, Weighted jackknife},
year = {1986},
doi = {10.1214/aos/1176350142},
URL = {https://doi.org/10.1214/aos/1176350142}
}


@inproceedings{yang2021,
  title={Delving into deep imbalanced regression},
  author={Yang, Yuzhe and Zha, Kaiwen and Chen, Yingcong and Wang, Hao and Katabi, Dina},
  booktitle={International Conference on Machine Learning},
  pages={11842--11851},
  year={2021},
  organization={PMLR}
}



@article{buda2018, 
      title={A systematic
study of the class imbalance problem in convolutional
neural networks}, 
      author={Buda, M. and  Maki, A. and Mazurowski, M. A. },
      pages={249–259},
      year={2018},
      volume={106},
      journal={Neural Networks}
}

@article{chen2000probability,
  title={Probability density function estimation using gamma kernels},
  author={Chen, Song Xi},
  journal={Annals of the Institute of Statistical Mathematics},
  volume={52},
  pages={471--480},
  year={2000},
  publisher={Springer}
}


@article{cao2019,
  title={Learning imbalanced datasets with label-distribution-aware margin loss},
  author={Cao, Kaidi and Wei, Colin and Gaidon, Adrien and Arechiga, Nikos and Ma, Tengyu},
  journal={Advances in neural information processing systems},
  volume={32},
  year={2019}
}

@inproceedings{cui2019,
  title={Class-balanced loss based on effective number of samples},
  author={Cui, Yin and Jia, Menglin and Lin, Tsung-Yi and Song, Yang and Belongie, Serge},
  booktitle={Proceedings of the IEEE/CVF conference on computer vision and pattern recognition},
  pages={9268--9277},
  year={2019}
}


@inproceedings{huang2016,
  title={Learning deep representation for imbalanced classification},
  author={Huang, Chen and Li, Yining and Loy, Chen Change and Tang, Xiaoou},
  booktitle={Proceedings of the IEEE conference on computer vision and pattern recognition},
  pages={5375--5384},
  year={2016}
}
@inproceedings{eduardo2020robust,
  title={Robust variational autoencoders for outlier detection and repair of mixed-type data},
  author={Eduardo, Simao and Naz{\'a}bal, Alfredo and Williams, Christopher KI and Sutton, Charles},
  booktitle={International Conference on Artificial Intelligence and Statistics},
  pages={4056--4066},
  year={2020},
  organization={PMLR}
}



@article{zhang2023mixed,
  title={Mixed-Type Tabular Data Synthesis with Score-based Diffusion in Latent Space},
  author={Zhang, Hengrui and Zhang, Jiani and Srinivasan, Balasubramaniam and Shen, Zhengyuan and Qin, Xiao and Faloutsos, Christos and Rangwala, Huzefa and Karypis, George},
  journal={arXiv preprint arXiv:2310.09656},
  year={2023}
}

@inproceedings{vardhan2020synthetic,
  title={Synthetic tabular data generation with oblivious variational autoencoders: alleviating the paucity of personal tabular data for open research},
  author={Vardhan, L Vivek Harsha and Kok, Stanley},
  booktitle={Proceedings of the 37th International conference on machine learning, ICML HSYS Workshop 2020},
  year={2020}
}

@article{Yang2020, 
      title={Rethinking the value of labels for
improving class-imbalanced learning}, 
      author={Yang, Y. and Xu, Z.},
      pages={},
      year={2020},
      volume={},
      journal={NeurIPS}

}

@article{gong2022ranksim,
  title={RankSim: Ranking Similarity Regularization for Deep Imbalanced Regression},
  author={Gong, Yu and Mori, Greg and Tung, Frederick},
  journal={arXiv preprint arXiv:2205.15236},
  year={2022}
}


@article{potdar2017comparative,
  title={A comparative study of categorical variable encoding techniques for neural network classifiers},
  author={Potdar, Kedar and Pardawala, Taher S and Pai, Chinmay D},
  journal={International journal of computer applications},
  volume={175},
  number={4},
  pages={7--9},
  year={2017}
}

@article{king2001logistic,
  title={Logistic regression in rare events data},
  author={King, Gary and Zeng, Langche},
  journal={Political analysis},
  volume={9},
  number={2},
  pages={137--163},
  year={2001},
  publisher={Cambridge University Press}
}

@article{bouezmarni2010nonparametric,
  title={Nonparametric density estimation for multivariate bounded data},
  author={Bouezmarni, Taoufik and Rombouts, Jeroen VK},
  journal={Journal of Statistical Planning and Inference},
  volume={140},
  number={1},
  pages={139--152},
  year={2010},
  publisher={Elsevier}
}

@article{yao2022c,
  title={C-mixup: Improving generalization in regression},
  author={Yao, Huaxiu and Wang, Yiping and Zhang, Linjun and Zou, James Y and Finn, Chelsea},
  journal={Advances in Neural Information Processing Systems},
  volume={35},
  pages={3361--3376},
  year={2022}
}

@article{branco2016survey,
  title={A survey of predictive modeling on imbalanced domains},
  author={Branco, Paula and Torgo, Lu{\'\i}s and Ribeiro, Rita P},
  journal={ACM computing surveys (CSUR)},
  volume={49},
  number={2},
  pages={1--50},
  year={2016},
  publisher={ACM New York, NY, USA}
}


@article{hancock2020survey,
  title={Survey on categorical data for neural networks},
  author={Hancock, John T and Khoshgoftaar, Taghi M},
  journal={Journal of Big Data},
  volume={7},
  number={1},
  pages={1--41},
  year={2020},
  publisher={SpringerOpen}
}

@article{delong2023use,
  title={The use of autoencoders for training neural networks with mixed categorical and numerical features},
  author={Delong, {\L}ukasz and Kozak, Anna},
  journal={ASTIN Bulletin: The Journal of the IAA},
  volume={53},
  number={2},
  pages={213--232},
  year={2023},
  publisher={Cambridge University Press}
}

@article{borisov2022deep,
  title={Deep neural networks and tabular data: A survey},
  author={Borisov, Vadim and Leemann, Tobias and Se{\ss}ler, Kathrin and Haug, Johannes and Pawelczyk, Martin and Kasneci, Gjergji},
  journal={IEEE Transactions on Neural Networks and Learning Systems},
  year={2022},
  publisher={IEEE}
}

@article{liu2021self,
  title={Self-supervised learning is more robust to dataset imbalance},
  author={Liu, Hong and HaoChen, Jeff Z and Gaidon, Adrien and Ma, Tengyu},
  journal={arXiv preprint arXiv:2110.05025},
  year={2021}
}

@article{timofeev2021self,
  title={Self-supervised neural architecture search for imbalanced datasets},
  author={Timofeev, Aleksandr and Chrysos, Grigorios G and Cevher, Volkan},
  journal={arXiv preprint arXiv:2109.08580},
  year={2021}
}

@inproceedings{li2021imbalance,
  title={Imbalance-aware self-supervised learning for 3d radiomic representations},
  author={Li, Hongwei and Xue, Fei-Fei and Chaitanya, Krishna and Luo, Shengda and Ezhov, Ivan and Wiestler, Benedikt and Zhang, Jianguo and Menze, Bjoern},
  booktitle={Medical Image Computing and Computer Assisted Intervention--MICCAI 2021: 24th International Conference, Strasbourg, France, September 27--October 1, 2021, Proceedings, Part II 24},
  pages={36--46},
  year={2021},
  organization={Springer}
}

@article{yang2020rethinking,
  title={Rethinking the value of labels for improving class-imbalanced learning},
  author={Yang, Yuzhe and Xu, Zhi},
  journal={Advances in neural information processing systems},
  volume={33},
  pages={19290--19301},
  year={2020}
}


@inproceedings{zhang2021auto,
  title={Auto-encoder based model for high-dimensional imbalanced industrial data},
  author={Zhang, Chao and Bom, Sthitie},
  booktitle={International Conference on Neural Information Processing},
  pages={265--273},
  year={2021},
  organization={Springer}
}

@article{tomescu2021study,
  title={A study on using deep autoencoders for imbalanced binary classification},
  author={Tomescu, Vlad-Ioan and Czibula, Gabriela and Ni{\c{t}}ic{\u{a}}, {\c{S}}tefan},
  journal={Procedia Computer Science},
  volume={192},
  pages={119--128},
  year={2021},
  publisher={Elsevier}
}

@article{arafa2023rn,
  title={RN-Autoencoder: Reduced Noise Autoencoder for classifying imbalanced cancer genomic data},
  author={Arafa, Ahmed and El-Fishawy, Nawal and Badawy, Mohammed and Radad, Marwa},
  journal={Journal of Biological Engineering},
  volume={17},
  number={1},
  pages={7},
  year={2023},
  publisher={Springer}
}

@article{liu2021SSL,
  title={Self-supervised learning: Generative or contrastive},
  author={Liu, Xiao and Zhang, Fanjin and Hou, Zhenyu and Mian, Li and Wang, Zhaoyu and Zhang, Jing and Tang, Jie},
  journal={IEEE transactions on knowledge and data engineering},
  volume={35},
  number={1},
  pages={857--876},
  year={2021},
  publisher={IEEE}
}

@article{yoon2020vime,
  title={Vime: Extending the success of self-and semi-supervised learning to tabular domain},
  author={Yoon, Jinsung and Zhang, Yao and Jordon, James and van der Schaar, Mihaela},
  journal={Advances in Neural Information Processing Systems},
  volume={33},
  pages={11033--11043},
  year={2020}
}

@article{xu2019modeling,
  title={Modeling tabular data using conditional gan},
  author={Xu, Lei and Skoularidou, Maria and Cuesta-Infante, Alfredo and Veeramachaneni, Kalyan},
  journal={Advances in neural information processing systems},
  volume={32},
  year={2019}
}




@article{ma2020vaem,
  title={VAEM: a deep generative model for heterogeneous mixed type data},
  author={Ma, Chao and Tschiatschek, Sebastian and Turner, Richard and Hern{\'a}ndez-Lobato, Jos{\'e} Miguel and Zhang, Cheng},
  journal={Advances in Neural Information Processing Systems},
  volume={33},
  pages={11237--11247},
  year={2020}
}

@inproceedings{yamanaka2019autoencoding,
  title={Autoencoding binary classifiers for supervised anomaly detection},
  author={Yamanaka, Yuki and Iwata, Tomoharu and Takahashi, Hiroshi and Yamada, Masanori and Kanai, Sekitoshi},
  booktitle={PRICAI 2019: Trends in Artificial Intelligence: 16th Pacific Rim International Conference on Artificial Intelligence, Cuvu, Yanuca Island, Fiji, August 26--30, 2019, Proceedings, Part II 16},
  pages={647--659},
  year={2019},
  organization={Springer}
}

@inproceedings{chen2018autoencoder,
  title={Autoencoder-based network anomaly detection},
  author={Chen, Zhaomin and Yeo, Chai Kiat and Lee, Bu Sung and Lau, Chiew Tong},
  booktitle={2018 Wireless telecommunications symposium (WTS)},
  pages={1--5},
  year={2018},
  organization={IEEE}
}

@article{kanishima2022autoencoder,
  title={Autoencoder with Adaptive Loss Function for Supervised Anomaly Detection},
  author={Kanishima, Yasuhiro and Sudo, Takashi and Yanagihashi, Hiroyuki},
  journal={Procedia Computer Science},
  volume={207},
  pages={563--572},
  year={2022},
  publisher={Elsevier}
}



@article{ucar2021subtab,
  title={Subtab: Subsetting features of tabular data for self-supervised representation learning},
  author={Ucar, Talip and Hajiramezanali, Ehsan and Edwards, Lindsay},
  journal={Advances in Neural Information Processing Systems},
  volume={34},
  pages={18853--18865},
  year={2021}
}


@inproceedings{hajiramezanali2022stab,
  title={Stab: Self-supervised learning for tabular data},
  author={Hajiramezanali, Ehsan and Diamant, Nathaniel Lee and Scalia, Gabriele and Shen, Max W},
  booktitle={NeurIPS 2022 First Table Representation Workshop},
  year={2022}
}

@article{darabi2021contrastive,
  title={Contrastive mixup: Self-and semi-supervised learning for tabular domain},
  author={Darabi, Sajad and Fazeli, Shayan and Pazoki, Ali and Sankararaman, Sriram and Sarrafzadeh, Majid},
  journal={arXiv preprint arXiv:2108.12296},
  year={2021}
}
@article{jaiswal2020survey,
  title={A survey on contrastive self-supervised learning},
  author={Jaiswal, Ashish and Babu, Ashwin Ramesh and Zadeh, Mohammad Zaki and Banerjee, Debapriya and Makedon, Fillia},
  journal={Technologies},
  volume={9},
  number={1},
  pages={2},
  year={2020},
  publisher={MDPI}
}

@inproceedings{chen2021self,
  title={Self-supervised Learning for Medical Image Classification Using Imbalanced Training Data},
  author={Chen, Weilin and Li, Kangshun},
  booktitle={International Symposium on Intelligence Computation and Applications},
  pages={242--252},
  year={2021},
  organization={Springer}
}

@inproceedings{elbatel2023federated,
  title={Federated Model Aggregation via Self-supervised Priors for Highly Imbalanced Medical Image Classification},
  author={Elbatel, Marawan and Wang, Hualiang and Mart, Robert and Fu, Huazhu and Li, Xiaomeng},
  booktitle={International Conference on Medical Image Computing and Computer-Assisted Intervention},
  pages={334--346},
  year={2023},
  organization={Springer}
}

@article{hou2022contrastive,
  title={Contrastive-weighted self-supervised model for long-tailed data classification with vision transformer augmented},
  author={Hou, Rujie and Chen, Jinglong and Feng, Yong and Liu, Shen and He, Shuilong and Zhou, Zitong},
  journal={Mechanical Systems and Signal Processing},
  volume={177},
  pages={109174},
  year={2022},
  publisher={Elsevier}
}



@article{palechor2019dataset,
  title={Dataset for estimation of obesity levels based on eating habits and physical condition in individuals from Colombia, Peru and Mexico},
  author={Palechor, Fabio Mendoza and de la Hoz Manotas, Alexis},
  journal={Data in brief},
  volume={25},
  pages={104344},
  year={2019},
  publisher={Elsevier}
}


@article{cortez2008using,
  title={Using data mining to predict secondary school student performance},
  author={Cortez, Paulo and Silva, Alice Maria Gon{\c{c}}alves},
  year={2008},
  publisher={EUROSIS-ETI}
}


@article{shwartz2022tabular,
  title={Tabular data: Deep learning is not all you need},
  author={Shwartz-Ziv, Ravid and Armon, Amitai},
  journal={Information Fusion},
  volume={81},
  pages={84--90},
  year={2022},
  publisher={Elsevier}
}
