@misc{https://doi.org/10.48550/arxiv.2205.15241,
  doi = {10.48550/ARXIV.2205.15241},
  
  url = {https://arxiv.org/abs/2205.15241},
  
  author = {Lee, Kuang-Huei and Nachum, Ofir and Yang, Mengjiao and Lee, Lisa and Freeman, Daniel and Xu, Winnie and Guadarrama, Sergio and Fischer, Ian and Jang, Eric and Michalewski, Henryk and Mordatch, Igor},
  
  keywords = {Artificial Intelligence (cs.AI), Machine Learning (cs.LG), FOS: Computer and information sciences, FOS: Computer and information sciences},
  
  title = {Multi-Game Decision Transformers},
  
  publisher = {arXiv},
  
  year = {2022},
  
  copyright = {Creative Commons Attribution 4.0 International}
}

@misc{https://doi.org/10.48550/arxiv.2108.07258,
  doi = {10.48550/ARXIV.2108.07258},
  
  url = {https://arxiv.org/abs/2108.07258},
  
  author = {Bommasani, Rishi and Hudson, Drew A. and Adeli, Ehsan and Altman, Russ and Arora, Simran and von Arx, Sydney and Bernstein, Michael S. and Bohg, Jeannette and Bosselut, Antoine and Brunskill, Emma and Brynjolfsson, Erik and Buch, Shyamal and Card, Dallas and Castellon, Rodrigo and Chatterji, Niladri and Chen, Annie and Creel, Kathleen and Davis, Jared Quincy and Demszky, Dora and Donahue, Chris and Doumbouya, Moussa and Durmus, Esin and Ermon, Stefano and Etchemendy, John and Ethayarajh, Kawin and Fei-Fei, Li and Finn, Chelsea and Gale, Trevor and Gillespie, Lauren and Goel, Karan and Goodman, Noah and Grossman, Shelby and Guha, Neel and Hashimoto, Tatsunori and Henderson, Peter and Hewitt, John and Ho, Daniel E. and Hong, Jenny and Hsu, Kyle and Huang, Jing and Icard, Thomas and Jain, Saahil and Jurafsky, Dan and Kalluri, Pratyusha and Karamcheti, Siddharth and Keeling, Geoff and Khani, Fereshte and Khattab, Omar and Koh, Pang Wei and Krass, Mark and Krishna, Ranjay and Kuditipudi, Rohith and Kumar, Ananya and Ladhak, Faisal and Lee, Mina and Lee, Tony and Leskovec, Jure and Levent, Isabelle and Li, Xiang Lisa and Li, Xuechen and Ma, Tengyu and Malik, Ali and Manning, Christopher D. and Mirchandani, Suvir and Mitchell, Eric and Munyikwa, Zanele and Nair, Suraj and Narayan, Avanika and Narayanan, Deepak and Newman, Ben and Nie, Allen and Niebles, Juan Carlos and Nilforoshan, Hamed and Nyarko, Julian and Ogut, Giray and Orr, Laurel and Papadimitriou, Isabel and Park, Joon Sung and Piech, Chris and Portelance, Eva and Potts, Christopher and Raghunathan, Aditi and Reich, Rob and Ren, Hongyu and Rong, Frieda and Roohani, Yusuf and Ruiz, Camilo and Ryan, Jack and Ré, Christopher and Sadigh, Dorsa and Sagawa, Shiori and Santhanam, Keshav and Shih, Andy and Srinivasan, Krishnan and Tamkin, Alex and Taori, Rohan and Thomas, Armin W. and Tramèr, Florian and Wang, Rose E. and Wang, William and Wu, Bohan and Wu, Jiajun and Wu, Yuhuai and Xie, Sang Michael and Yasunaga, Michihiro and You, Jiaxuan and Zaharia, Matei and Zhang, Michael and Zhang, Tianyi and Zhang, Xikun and Zhang, Yuhui and Zheng, Lucia and Zhou, Kaitlyn and Liang, Percy},
  
  keywords = {Machine Learning (cs.LG), Artificial Intelligence (cs.AI), Computers and Society (cs.CY), FOS: Computer and information sciences, FOS: Computer and information sciences},
  
  title = {On the Opportunities and Risks of Foundation Models},
  
  publisher = {arXiv},
  
  year = {2021},
  
  copyright = {Creative Commons Attribution 4.0 International}
}
