@article{del2020ratt,
  title={Ratt: Recurrent attention to transient tasks for continual image captioning},
  author={Del Chiaro, Riccardo and Twardowski, Bart{\l}omiej and Bagdanov, Andrew and Van De Weijer, Joost},
  journal={Advances in Neural Information Processing Systems},
  volume={33},
  pages={16736--16748},
  year={2020}
}
@inproceedings{abati2020conditional,
  title={Conditional channel gated networks for task-aware continual learning},
  author={Abati, Davide and Tomczak, Jakub and Blankevoort, Tijmen and Calderara, Simone and Cucchiara, Rita and Bejnordi, Babak Ehteshami},
  booktitle={Proceedings of the IEEE/CVF Conference on Computer Vision and Pattern Recognition},
  pages={3931--3940},
  year={2020}
}
@article{masana2020class,
  title={Class-incremental learning: survey and performance evaluation on image classification},
  author={Masana, Marc and Liu, Xialei and Twardowski, Bartlomiej and Menta, Mikel and Bagdanov, Andrew D and van de Weijer, Joost},
  journal={arXiv preprint arXiv:2010.15277},
  year={2020}
}

@article{kirkpatrick2017overcoming,
  title={Overcoming catastrophic forgetting in neural networks},
  author={Kirkpatrick, James and Pascanu, Razvan and Rabinowitz, Neil and Veness, Joel and Desjardins, Guillaume and Rusu, Andrei A and Milan, Kieran and Quan, John and Ramalho, Tiago and Grabska-Barwinska, Agnieszka and others},
  journal={Proceedings of the national academy of sciences},
  volume={114},
  number={13},
  pages={3521--3526},
  year={2017},
  publisher={National Acad Sciences}
}

@inproceedings{liu2018rotate,
  title={Rotate your networks: Better weight consolidation and less catastrophic forgetting},
  author={Liu, Xialei and Masana, Marc and Herranz, Luis and Van de Weijer, Joost and Lopez, Antonio M and Bagdanov, Andrew D},
  booktitle={2018 24th International Conference on Pattern Recognition (ICPR)},
  pages={2262--2268},
  year={2018},
  organization={IEEE}
}

@inproceedings{lee2020continual,
  title={Continual learning with extended kronecker-factored approximate curvature},
  author={Lee, Janghyeon and Hong, Hyeong Gwon and Joo, Donggyu and Kim, Junmo},
  booktitle={Proceedings of the IEEE/CVF Conference on Computer Vision and Pattern Recognition},
  pages={9001--9010},
  year={2020}
}

@inproceedings{zenke2017continual,
  title={Continual learning through synaptic intelligence},
  author={Zenke, Friedemann and Poole, Ben and Ganguli, Surya},
  booktitle={International Conference on Machine Learning},
  pages={3987--3995},
  year={2017},
  organization={PMLR}
}

@article{li2017learning,
  title={Learning without forgetting},
  author={Li, Zhizhong and Hoiem, Derek},
  journal={IEEE transactions on pattern analysis and machine intelligence},
  volume={40},
  number={12},
  pages={2935--2947},
  year={2017},
  publisher={IEEE}
}

@inproceedings{hou2019learning,
  title={Learning a unified classifier incrementally via rebalancing},
  author={Hou, Saihui and Pan, Xinyu and Loy, Chen Change and Wang, Zilei and Lin, Dahua},
  booktitle={Proceedings of the IEEE/CVF Conference on Computer Vision and Pattern Recognition},
  pages={831--839},
  year={2019}
}

@inproceedings{wu2019large,
  title={Large scale incremental learning},
  author={Wu, Yue and Chen, Yinpeng and Wang, Lijuan and Ye, Yuancheng and Liu, Zicheng and Guo, Yandong and Fu, Yun},
  booktitle={Proceedings of the IEEE/CVF Conference on Computer Vision and Pattern Recognition},
  pages={374--382},
  year={2019}
}

@inproceedings{castro2018end,
  title={End-to-end incremental learning},
  author={Castro, Francisco M and Mar{\'\i}n-Jim{\'e}nez, Manuel J and Guil, Nicol{\'a}s and Schmid, Cordelia and Alahari, Karteek},
  booktitle={Proceedings of the European conference on computer vision (ECCV)},
  pages={233--248},
  year={2018}
}

@article{jung2016less,
  title={Less-forgetting learning in deep neural networks},
  author={Jung, Heechul and Ju, Jeongwoo and Jung, Minju and Kim, Junmo},
  journal={arXiv preprint arXiv:1607.00122},
  year={2016}
}

@inproceedings{dhar2019learning,
  title={Learning without memorizing},
  author={Dhar, Prithviraj and Singh, Rajat Vikram and Peng, Kuan-Chuan and Wu, Ziyan and Chellappa, Rama},
  booktitle={Proceedings of the IEEE/CVF conference on computer vision and pattern recognition},
  pages={5138--5146},
  year={2019}
}

@inproceedings{zhang2020class,
  title={Class-incremental learning via deep model consolidation},
  author={Zhang, Junting and Zhang, Jie and Ghosh, Shalini and Li, Dawei and Tasci, Serafettin and Heck, Larry and Zhang, Heming and Kuo, C-C Jay},
  booktitle={Proceedings of the IEEE/CVF Winter Conference on Applications of Computer Vision},
  pages={1131--1140},
  year={2020}
}

@article{lopez2017gradient,
  title={Gradient episodic memory for continual learning},
  author={Lopez-Paz, David and Ranzato, Marc'Aurelio},
  journal={Advances in neural information processing systems},
  volume={30},
  year={2017}
}

@article{vaswani2017attention,
  title={Attention is all you need},
  author={Vaswani, Ashish and Shazeer, Noam and Parmar, Niki and Uszkoreit, Jakob and Jones, Llion and Gomez, Aidan N and Kaiser, {\L}ukasz and Polosukhin, Illia},
  journal={Advances in neural information processing systems},
  volume={30},
  year={2017}
}

@inproceedings{goodfellow2014empirical,
  author    = {Ian J. Goodfellow and
               Mehdi Mirza and
               Xia Da and
               Aaron C. Courville and
               Yoshua Bengio},
  editor    = {Yoshua Bengio and
               Yann LeCun},
  title     = {An Empirical Investigation of Catastrophic Forgeting in Gradient-Based
               Neural Networks},
  booktitle = {2nd International Conference on Learning Representations, {ICLR} 2014,
               Banff, AB, Canada, April 14-16, 2014, Conference Track Proceedings},
  year      = {2014},
  url       = {http://arxiv.org/abs/1312.6211},
  timestamp = {Thu, 25 Jul 2019 14:35:26 +0200},
  biburl    = {https://dblp.org/rec/journals/corr/GoodfellowMDCB13.bib},
  bibsource = {dblp computer science bibliography, https://dblp.org}
}

@misc{mermillod2013stability,
  title={The stability-plasticity dilemma: Investigating the continuum from catastrophic forgetting to age-limited learning effects},
  author={Mermillod, Martial and Bugaiska, Aur{\'e}lia and Bonin, Patrick},
  journal={Frontiers in psychology},
  volume={4},
  pages={504},
  year={2013},
  publisher={Frontiers Media SA}
}

@article{soutif2021importance,
  title={On the importance of cross-task features for class-incremental learning},
  author={Soutif-Cormerais, Albin and Masana, Marc and Van de Weijer, Joost and Twardowski, Bartl{\o}miej},
  journal={CoRR},
  year={2021}
}

@article{hinton2015distilling,
  title={Distilling the knowledge in a neural network},
  author={Hinton, Geoffrey and Vinyals, Oriol and Dean, Jeff and others},
  journal={arXiv preprint arXiv:1503.02531},
  volume={2},
  number={7},
  year={2015}
}

@inproceedings{caron2021emerging,
  title={Emerging properties in self-supervised vision transformers},
  author={Caron, Mathilde and Touvron, Hugo and Misra, Ishan and J{\'e}gou, Herv{\'e} and Mairal, Julien and Bojanowski, Piotr and Joulin, Armand},
  booktitle={Proceedings of the IEEE/CVF International Conference on Computer Vision},
  pages={9650--9660},
  year={2021}
}

@inproceedings{strudel2021segmenter,
  title={Segmenter: Transformer for semantic segmentation},
  author={Strudel, Robin and Garcia, Ricardo and Laptev, Ivan and Schmid, Cordelia},
  booktitle={Proceedings of the IEEE/CVF International Conference on Computer Vision},
  pages={7262--7272},
  year={2021}
}

@inproceedings{liu2021swin,
  title={Swin transformer: Hierarchical vision transformer using shifted windows},
  author={Liu, Ze and Lin, Yutong and Cao, Yue and Hu, Han and Wei, Yixuan and Zhang, Zheng and Lin, Stephen and Guo, Baining},
  booktitle={Proceedings of the IEEE/CVF International Conference on Computer Vision},
  pages={10012--10022},
  year={2021}
}

@inproceedings{zhu2021prototype,
  title={Prototype augmentation and self-supervision for incremental learning},
  author={Zhu, Fei and Zhang, Xu-Yao and Wang, Chuang and Yin, Fei and Liu, Cheng-Lin},
  booktitle={Proceedings of the IEEE/CVF Conference on Computer Vision and Pattern Recognition},
  pages={5871--5880},
  year={2021}
}

@inproceedings{aljundi2018memory,
  title={Memory aware synapses: Learning what (not) to forget},
  author={Aljundi, Rahaf and Babiloni, Francesca and Elhoseiny, Mohamed and Rohrbach, Marcus and Tuytelaars, Tinne},
  booktitle={Proceedings of the European Conference on Computer Vision (ECCV)},
  pages={139--154},
  year={2018}
}

@article{rajasegaran2019random,
  title={Random path selection for continual learning},
  author={Rajasegaran, Jathushan and Hayat, Munawar and Khan, Salman H and Khan, Fahad Shahbaz and Shao, Ling},
  journal={Advances in Neural Information Processing Systems},
  volume={32},
  year={2019}
}

@inproceedings{yan2021dynamically,
  title={Der: Dynamically expandable representation for class incremental learning},
  author={Yan, Shipeng and Xie, Jiangwei and He, Xuming},
  booktitle={Proceedings of the IEEE/CVF Conference on Computer Vision and Pattern Recognition},
  pages={3014--3023},
  year={2021}
}


@inproceedings{yu2020semantic,
  title={Semantic drift compensation for class-incremental learning},
  author={Yu, Lu and Twardowski, Bartlomiej and Liu, Xialei and Herranz, Luis and Wang, Kai and Cheng, Yongmei and Jui, Shangling and Weijer, Joost van de},
  booktitle={Proceedings of the IEEE/CVF Conference on Computer Vision and Pattern Recognition},
  pages={6982--6991},
  year={2020}
}

@article{aljundi2019gradient,
  title={Gradient based sample selection for online continual learning},
  author={Aljundi, Rahaf and Lin, Min and Goujaud, Baptiste and Bengio, Yoshua},
  journal={Advances in neural information processing systems},
  volume={32},
  year={2019}
}

@inproceedings{chaudhry2021using,
  title={Using hindsight to anchor past knowledge in continual learning},
  author={Chaudhry, Arslan and Gordo, Albert and Dokania, Puneet and Torr, Philip and Lopez-Paz, David},
  booktitle={Proceedings of the AAAI Conference on Artificial Intelligence},
  volume={35},
  pages={6993--7001},
  year={2021}
}

@inproceedings{chaudhry2018riemannian,
  title={Riemannian walk for incremental learning: Understanding forgetting and intransigence},
  author={Chaudhry, Arslan and Dokania, Puneet K and Ajanthan, Thalaiyasingam and Torr, Philip HS},
  booktitle={Proceedings of the European Conference on Computer Vision (ECCV)},
  pages={532--547},
  year={2018}
}


@inproceedings{wang2021ordisco,
  title={Ordisco: Effective and efficient usage of incremental unlabeled data for semi-supervised continual learning},
  author={Wang, Liyuan and Yang, Kuo and Li, Chongxuan and Hong, Lanqing and Li, Zhenguo and Zhu, Jun},
  booktitle={Proceedings of the IEEE/CVF Conference on Computer Vision and Pattern Recognition},
  pages={5383--5392},
  year={2021}
}


@inproceedings{zhai2021hyper,
  title={Hyper-LifelongGAN: scalable lifelong learning for image conditioned generation},
  author={Zhai, Mengyao and Chen, Lei and Mori, Greg},
  booktitle={Proceedings of the IEEE/CVF Conference on Computer Vision and Pattern Recognition},
  pages={2246--2255},
  year={2021}
}

@article{dosovitskiy2020image,
  title={An image is worth 16x16 words: Transformers for image recognition at scale},
  author={Dosovitskiy, Alexey and Beyer, Lucas and Kolesnikov, Alexander and Weissenborn, Dirk and Zhai, Xiaohua and Unterthiner, Thomas and Dehghani, Mostafa and Minderer, Matthias and Heigold, Georg and Gelly, Sylvain and others},
  journal={arXiv preprint arXiv:2010.11929},
  year={2020}
}

@inproceedings{wang2022continual,
  title={Continual Learning With Lifelong Vision Transformer},
  author={Wang, Zhen and Liu, Liu and Duan, Yiqun and Kong, Yajing and Tao, Dacheng},
  booktitle={Proceedings of the IEEE/CVF Conference on Computer Vision and Pattern Recognition},
  pages={171--181},
  year={2022}
}

@inproceedings{wang2022learning,
  title={Learning to prompt for continual learning},
  author={Wang, Zifeng and Zhang, Zizhao and Lee, Chen-Yu and Zhang, Han and Sun, Ruoxi and Ren, Xiaoqi and Su, Guolong and Perot, Vincent and Dy, Jennifer and Pfister, Tomas},
  booktitle={Proceedings of the IEEE/CVF Conference on Computer Vision and Pattern Recognition},
  pages={139--149},
  year={2022}
}

@inproceedings{mallya2018piggyback,
  title={Piggyback: Adapting a single network to multiple tasks by learning to mask weights},
  author={Mallya, Arun and Davis, Dillon and Lazebnik, Svetlana},
  booktitle={Proceedings of the European Conference on Computer Vision (ECCV)},
  pages={67--82},
  year={2018}
}

@inproceedings{toldo2022bring,
  title={Bring Evanescent Representations to Life in Lifelong Class Incremental Learning},
  author={Toldo, Marco and Ozay, Mete},
  booktitle={Proceedings of the IEEE/CVF Conference on Computer Vision and Pattern Recognition},
  pages={16732--16741},
  year={2022}
}

@inproceedings{pelosin2022towards,
  title={Towards exemplar-free continual learning in vision transformers: an account of attention, functional and weight regularization},
  author={Pelosin, Francesco and Jha, Saurav and Torsello, Andrea and Raducanu, Bogdan and van de Weijer, Joost},
  booktitle={Proceedings of the IEEE/CVF Conference on Computer Vision and Pattern Recognition},
  pages={3820--3829},
  year={2022}
}

@inproceedings{gomez2022continually,
  title={Continually Learning Self-Supervised Representations with Projected Functional Regularization},
  author={Gomez-Villa, Alex and Twardowski, Bartlomiej and Yu, Lu and Bagdanov, Andrew D and van de Weijer, Joost},
  booktitle={Proceedings of the IEEE/CVF Conference on Computer Vision and Pattern Recognition},
  pages={3867--3877},
  year={2022}
}

@inproceedings{douillard2022dytox,
  title={Dytox: Transformers for continual learning with dynamic token expansion},
  author={Douillard, Arthur and Ram{\'e}, Alexandre and Couairon, Guillaume and Cord, Matthieu},
  booktitle={Proceedings of the IEEE/CVF Conference on Computer Vision and Pattern Recognition},
  pages={9285--9295},
  year={2022}
}

@article{krizhevsky2009learning,
  title={Learning multiple layers of features from tiny images},
  author={Krizhevsky, Alex and Hinton, Geoffrey and others},
  journal={Tech Report},
  year={2009},
  publisher={Citeseer}
}

@article{le2015tiny,
  title={Tiny imagenet visual recognition challenge},
  author={Le, Ya and Yang, Xuan},
  journal={CS 231N},
  volume={7},
  number={7},
  pages={3},
  year={2015}
}

@article{benjamin2018measuring,
  title={Measuring and regularizing networks in function space},
  author={Benjamin, Ari S and Rolnick, David and Kording, Konrad},
  journal={arXiv preprint arXiv:1805.08289},
  year={2018}
}

@article{buzzega2020dark,
  title={Dark experience for general continual learning: a strong, simple baseline},
  author={Buzzega, Pietro and Boschini, Matteo and Porrello, Angelo and Abati, Davide and Calderara, Simone},
  journal={Advances in neural information processing systems},
  volume={33},
  pages={15920--15930},
  year={2020}
}

@inproceedings{buzzega2021rethinking,
  title={Rethinking experience replay: a bag of tricks for continual learning},
  author={Buzzega, Pietro and Boschini, Matteo and Porrello, Angelo and Calderara, Simone},
  booktitle={2020 25th International Conference on Pattern Recognition (ICPR)},
  pages={2180--2187},
  year={2021},
  organization={IEEE}
}

@inproceedings{bang2021rainbow,
  title={Rainbow memory: Continual learning with a memory of diverse samples},
  author={Bang, Jihwan and Kim, Heesu and Yoo, YoungJoon and Ha, Jung-Woo and Choi, Jonghyun},
  booktitle={Proceedings of the IEEE/CVF Conference on Computer Vision and Pattern Recognition},
  pages={8218--8227},
  year={2021}
}

@article{riemer2018learning,
  title={Learning to learn without forgetting by maximizing transfer and minimizing interference},
  author={Riemer, Matthew and Cases, Ignacio and Ajemian, Robert and Liu, Miao and Rish, Irina and Tu, Yuhai and Tesauro, Gerald},
  journal={arXiv preprint arXiv:1810.11910},
  year={2018}
}

@inproceedings{chaudhry2018efficient,
  title={Efficient lifelong learning with a-gem},
  author={Chaudhry, Arslan and Ranzato, Marc'Aurelio and Rohrbach, Marcus and Elhoseiny, Mohamed},
  booktitle={International Conference on Learning Representations},
  year={2019}
}

@inproceedings{rebuffi2017icarl,
  title={icarl: Incremental classifier and representation learning},
  author={Rebuffi, Sylvestre-Alvise and Kolesnikov, Alexander and Sperl, Georg and Lampert, Christoph H},
  booktitle={Proceedings of the IEEE conference on Computer Vision and Pattern Recognition},
  pages={2001--2010},
  year={2017}
}


@article{russakovsky2015imagenet,
  title={Imagenet large scale visual recognition challenge},
  author={Russakovsky, Olga and Deng, Jia and Su, Hao and Krause, Jonathan and Satheesh, Sanjeev and Ma, Sean and Huang, Zhiheng and Karpathy, Andrej and Khosla, Aditya and Bernstein, Michael and others},
  journal={International journal of computer vision},
  volume={115},
  number={3},
  pages={211--252},
  year={2015},
  publisher={Springer}
}
@inproceedings{serra2018overcoming,
  title={Overcoming catastrophic forgetting with hard attention to the task},
  author={Serra, Joan and Suris, Didac and Miron, Marius and Karatzoglou, Alexandros},
  booktitle={International Conference on Machine Learning},
  pages={4548--4557},
  year={2018},
  organization={PMLR}
}

@inproceedings{he2016deep,
  title={Deep residual learning for image recognition},
  author={He, Kaiming and Zhang, Xiangyu and Ren, Shaoqing and Sun, Jian},
  booktitle={Proceedings of the IEEE conference on computer vision and pattern recognition},
  pages={770--778},
  year={2016}
}

@inproceedings{masana2021ternary,
  title={Ternary feature masks: zero-forgetting for task-incremental learning},
  author={Masana, Marc and Tuytelaars, Tinne and Van de Weijer, Joost},
  booktitle={Proceedings of the IEEE/CVF Conference on Computer Vision and Pattern Recognition},
  pages={3570--3579},
  year={2021}
}

@inproceedings{mallya2018packnet,
  title={Packnet: Adding multiple tasks to a single network by iterative pruning},
  author={Mallya, Arun and Lazebnik, Svetlana},
  booktitle={Proceedings of the IEEE conference on Computer Vision and Pattern Recognition},
  pages={7765--7773},
  year={2018}
}

@inproceedings{zheng2021rethinking,
  title={Rethinking semantic segmentation from a sequence-to-sequence perspective with transformers},
  author={Zheng, Sixiao and Lu, Jiachen and Zhao, Hengshuang and Zhu, Xiatian and Luo, Zekun and Wang, Yabiao and Fu, Yanwei and Feng, Jianfeng and Xiang, Tao and Torr, Philip HS and others},
  booktitle={Proceedings of the IEEE/CVF conference on computer vision and pattern recognition},
  pages={6881--6890},
  year={2021}
}
% added by joost
@article{delange2021continual,
  title={A continual learning survey: Defying forgetting in classification tasks},
  author={Delange, Matthias and Aljundi, Rahaf and Masana, Marc and Parisot, Sarah and Jia, Xu and Leonardis, Ales and Slabaugh, Greg and Tuytelaars, Tinne},
  journal={IEEE Transactions on Pattern Analysis and Machine Intelligence},
  year={2021}
}
@inproceedings{vandeven2019three,
  title={Three scenarios for continual learning},
  author={van de Ven, Gido M and Tolias, Andreas S},
  booktitle={NeurIPS Continual Learning Workshop},
  year={2018}
}
@inproceedings{touvron2021going,
  title={Going deeper with image transformers},
  author={Touvron, Hugo and Cord, Matthieu and Sablayrolles, Alexandre and Synnaeve, Gabriel and J{\'e}gou, Herv{\'e}},
  booktitle={Proceedings of the IEEE/CVF International Conference on Computer Vision},
  pages={32--42},
  year={2021}
}
@article{rusu2016progressive,
  title={Progressive neural networks},
  author={Rusu, Andrei A and Rabinowitz, Neil C and Desjardins, Guillaume and Soyer, Hubert and Kirkpatrick, James and Kavukcuoglu, Koray and Pascanu, Razvan and Hadsell, Raia},
  journal={arXiv},
  year={2016}
}

@inproceedings{douillard2020podnet,
  title={Podnet: Pooled outputs distillation for small-tasks incremental learning},
  author={Douillard, Arthur and Cord, Matthieu and Ollion, Charles and Robert, Thomas and Valle, Eduardo},
  booktitle={Computer Vision--ECCV 2020: 16th European Conference, Glasgow, UK, August 23--28, 2020, Proceedings, Part XX 16},
  pages={86--102},
  year={2020},
  organization={Springer}
}

@inproceedings{gehring2017convolutional,
  title={Convolutional sequence to sequence learning},
  author={Gehring, Jonas and Auli, Michael and Grangier, David and Yarats, Denis and Dauphin, Yann N},
  booktitle={International conference on machine learning},
  pages={1243--1252},
  year={2017},
  organization={PMLR}
}
@inproceedings{fini2022self,
  title={Self-supervised models are continual learners},
  author={Fini, Enrico and da Costa, Victor G Turrisi and Alameda-Pineda, Xavier and Ricci, Elisa and Alahari, Karteek and Mairal, Julien},
  booktitle={Proceedings of the IEEE/CVF Conference on Computer Vision and Pattern Recognition},
  pages={9621--9630},
  year={2022}
}
@article{lesort2020continual,
  title={Continual learning for robotics: Definition, framework, learning strategies, opportunities and challenges},
  author={Lesort, Timoth{\'e}e and Lomonaco, Vincenzo and Stoian, Andrei and Maltoni, Davide and Filliat, David and D{\'\i}az-Rodr{\'\i}guez, Natalia},
  journal={Information Fusion},
  year={2020}
}
@article{van2008visualizing,
  title={Visualizing data using t-SNE.},
  author={Van der Maaten, Laurens and Hinton, Geoffrey},
  journal={Journal of machine learning research},
  volume={9},
  number={11},
  year={2008}
}

@inproceedings{hou2018lifelong,
  title={Lifelong learning via progressive distillation and retrospection},
  author={Hou, Saihui and Pan, Xinyu and Loy, Chen Change and Wang, Zilei and Lin, Dahua},
  booktitle={Proceedings of the European Conference on Computer Vision (ECCV)},
  pages={437--452},
  year={2018}
}

@article{michieli2021knowledge,
  title={Knowledge distillation for incremental learning in semantic segmentation},
  author={Michieli, Umberto and Zanuttigh, Pietro},
  journal={Computer Vision and Image Understanding},
  volume={205},
  pages={103167},
  year={2021},
  publisher={Elsevier}
}

@article{chuang2020lifelong,
  title={Lifelong language knowledge distillation},
  author={Chuang, Yung-Sung and Su, Shang-Yu and Chen, Yun-Nung},
  journal={arXiv preprint arXiv:2010.02123},
  year={2020}
}

@article{usmanova2021distillation,
  title={A distillation-based approach integrating continual learning and federated learning for pervasive services},
  author={Usmanova, Anastasiia and Portet, Fran{\c{c}}ois and Lalanda, Philippe and Vega, German},
  journal={arXiv preprint arXiv:2109.04197},
  year={2021}
}


@inproceedings{rannen2017encoder,
  title={Encoder based lifelong learning},
  author={Rannen, Amal and Aljundi, Rahaf and Blaschko, Matthew B and Tuytelaars, Tinne},
  booktitle={Proceedings of the IEEE International Conference on Computer Vision},
  pages={1320--1328},
  year={2017}
}

@article{mundt2021cleva,
  title={CLEVA-compass: A continual learning evaluation assessment compass to promote research transparency and comparability},
  author={Mundt, Martin and Lang, Steven and Delfosse, Quentin and Kersting, Kristian},
  journal={arXiv preprint arXiv:2110.03331},
  year={2021}
}

@article{zhou2022model,
  title={A model or 603 exemplars: Towards memory-efficient class-incremental learning},
  author={Zhou, Da-Wei and Wang, Qi-Wei and Ye, Han-Jia and Zhan, De-Chuan},
  journal={arXiv preprint arXiv:2205.13218},
  year={2022}
}