@misc{
  badnet,
  doi = {10.48550/ARXIV.1708.06733},
  author = {Gu, Tianyu and Dolan-Gavitt, Brendan and Garg, Siddharth Model Supply Chain},
  publisher = {arXiv},
  year = {2017},
  copyright = {arXiv.org perpetual, non-exclusive license}
}

@inproceedings{
  augmix,
  title={AugMix: A Simple Method to Improve Robustness and Uncertainty under Data Shift},
  author={Dan Hendrycks and Norman Mu and Ekin Dogus Cubuk and Barret Zoph and Justin Gilmer and Balaji Lakshminarayanan},
  booktitle={International Conference on Learning Representations},
  year={2020}
}

@misc{
  cutmix,
  doi = {10.48550/ARXIV.1905.04899},
  author = {Yun, Sangdoo and Han, Dongyoon and Oh, Seong Joon and Chun},
  title = {CutMix: Regularization Strategy to Train Strong Classifiers with Localizable Features},
  publisher = {arXiv},
  year = {2019},
  copyright = {arXiv.org perpetual, non-exclusive license}
}

@misc{
  autoaug,
  doi = {10.48550/ARXIV.1805.09501},
  author = {Cubuk, Ekin D. and Zoph, Barret and Mane, Dandelion and Vasudevan, Vijay and Le, Quoc V.},
  title = {AutoAugment: Learning Augmentation Policies from Data},
  publisher = {arXiv},
  year = {2018},
  copyright = {arXiv.org perpetual, non-exclusive license}
}

@misc{
  dagan,
  doi = {10.48550/ARXIV.1711.04340},
  author = {Antoniou, Antreas and Storkey, Amos and Edwards, Harrison},
  title = {Data Augmentation Generative Adversarial Networks},
  publisher = {arXiv},
  year = {2017},
  copyright = {arXiv.org perpetual, non-exclusive license}
}

@inproceedings{
  bob,
  author = {Shumailov, I and Shumaylov, Zakhar and Kazhdan, Dmitry and Zhao, Yiren and Papernot, Nicolas and Erdogdu, Murat A and Anderson, Ross J},
  booktitle = {Advances in Neural Information Processing Systems},
  pages = {18021--18032},
  publisher = {Curran Associates, Inc.},
  title = {Manipulating SGD with Data Ordering Attacks},
  volume = {34},
  year = {2021}
}

@misc{
  effective,
  doi = {10.48550/ARXIV.1712.04621},
  author = {Perez, Luis and Wang, Jason},
  title = {The Effectiveness of Data Augmentation in Image Classification using Deep Learning},
  publisher = {arXiv},
  year = {2017},
  copyright = {arXiv.org perpetual, non-exclusive license}
}

@misc{
  nst,
  doi = {10.48550/ARXIV.1508.06576},
  author = {Gatys, Leon A. and Ecker, Alexander S. and Bethge, Matthias},
  title = {A Neural Algorithm of Artistic Style},
  publisher = {arXiv},
  year = {2015},
  copyright = {arXiv.org perpetual, non-exclusive license}
}

@inproceedings{
  translation2,
  author = {Krizhevsky, Alex and Sutskever, Ilya and Hinton, Geoffrey E},
  booktitle = {Advances in Neural Information Processing Systems},
  publisher = {Curran Associates, Inc.},
  title = {{ImageNet} Classification with Deep Convolutional Neural Networks},
  volume = {25},
  year = {2012}
}

@InProceedings{
  rotation,
  title = {Regularization of Neural Networks using DropConnect},
  author = {Wan, Li and Zeiler, Matthew and Zhang, Sixin and Le Cun, Yann and Fergus, Rob},
  booktitle = {Proceedings of the 30th International Conference on Machine Learning},
  pages = {1058--1066},
  year = {2013},
  volume = {28},
  number = {3},
  series = {Proceedings of Machine Learning Research},
  month = {17--19 Jun},
  publisher = {PMLR}
}

@inproceedings{
  cyclegan,
  author = {Zhu, Jun-Yan and Park, Taesung and Isola, Phillip and Efros, Alexei},
  year = {2017},
  month = {10},
  pages = {2242-2251},
  title = {Unpaired Image-to-Image Translation Using Cycle-Consistent Adversarial Networks},
  doi = {10.1109/ICCV.2017.244}
}

@article{
  cutout,
  author = {DeVries, Terrance and Taylor, Graham},
  year = {2017},
  month = {08},
  title = {Improved Regularization of Convolutional Neural Networks with Cutout}
}

@inproceedings{
  mixup,
  title={mixup: Beyond Empirical Risk Minimization},
  author={Hongyi Zhang and Moustapha Cisse and Yann N. Dauphin and David Lopez-Paz},
  booktitle={International Conference on Learning Representations},
  year={2018}
}

@misc{
  quantisationbackdoor,
  doi = {10.48550/ARXIV.2108.09187},
  author = {Ma, Hua and Qiu, Huming and Gao, Yansong and Zhang, Zhi and Abuadbba, Alsharif and Xue, Minhui and Fu, Anmin and Jiliang, Zhang and Al-Sarawi, Said and Abbott, Derek},
  title = {Quantization Backdoors to Deep Learning Commercial Frameworks},
  publisher = {arXiv},
  year = {2021},
  copyright = {arXiv.org perpetual, non-exclusive license}
}

@misc{
  architecturebackdoor,
  doi = {10.48550/ARXIV.2206.07840},
  author = {Bober-Irizar, Mikel and Shumailov, Ilia and Zhao, Yiren and Mullins, Robert and Papernot, Nicolas},
  title = {Architectural Backdoors in Neural Networks},
  publisher = {arXiv},
  year = {2022},
  copyright = {arXiv.org perpetual, non-exclusive license}
}

@misc{
  weightattack,
  doi = {10.48550/ARXIV.1812.03128},
  author = {Dumford, Jacob and Scheirer, Walter},
  title = {Backdooring Convolutional Neural Networks via Targeted Weight Perturbations},
  publisher = {arXiv},
  year = {2018},
  copyright = {arXiv.org perpetual, non-exclusive license}
}

@misc{
  rotatebackdoor,
  doi = {10.48550/ARXIV.2207.10825},
  author = {Wu, Tong and Wang, Tianhao and Sehwag, Vikash and Mahloujifar, Saeed and Mittal, Prateek},
  title = {Just Rotate it: Deploying Backdoor Attacks via Rotation Transformation},
  publisher = {arXiv},
  year = {2022},
  copyright = {arXiv.org perpetual, non-exclusive license}
}

@misc{
  invisiblebackdoor,
  doi = {10.48550/ARXIV.1712.05526},
  author = {Chen, Xinyun and Liu, Chang and Li, Bo and Lu, Kimberly and Song, Dawn},
  title = {Targeted Backdoor Attacks on Deep Learning Systems Using Data Poisoning},
  publisher = {arXiv},
  year = {2017},
  copyright = {arXiv.org perpetual, non-exclusive license}
}

@inproceedings{
  augbackdoordefence,
  author = {Borgnia, Eitan and Cherepanova, Valeriia and Fowl, Liam and Ghiasi, Amin and Geiping, Jonas and Goldblum, Micah and Goldstein, Tom and Gupta, Arjun},
  year = {2021},
  month = {06},
  pages = {3855-3859},
  title = {Strong Data Augmentation Sanitizes Poisoning and Backdoor Attacks Without an Accuracy Tradeoff},
  doi = {10.1109/ICASSP39728.2021.9414862}
}

@inproceedings {
  imagescaling0,
  author = {Erwin Quiring and David Klein and Daniel Arp and Martin Johns and Konrad Rieck},
  title = {Adversarial Preprocessing: Understanding and Preventing {Image-Scaling} Attacks in Machine Learning},
  booktitle = {29th USENIX Security Symposium (USENIX Security 20)},
  year = {2020},
  isbn = {978-1-939133-17-5},
  pages = {1363-1380},
  publisher = {USENIX Association},
  month = aug,
}

@misc{
  imagescaling1,
  doi = {10.48550/ARXIV.2104.08690},
  author = {Gao, Yue and Shumailov, Ilia and Fawaz, Kassem},
  keywords = {Machine Learning (cs.LG), Cryptography and Security (cs.CR), FOS: Computer and information sciences, FOS: Computer and information sciences},
  title = {Rethinking Image-Scaling Attacks: The Interplay Between Vulnerabilities in Machine Learning Systems},
  publisher = {arXiv},
  year = {2021},
  copyright = {Creative Commons Attribution Non Commercial No Derivatives 4.0 International}
}

@Techreport{
  cifar,
  author = {Krizhevsky, Alex and Hinton, Geoffrey},
  address = {Toronto, Ontario},
  institution = {University of Toronto},
  number = {0},
  publisher = {Technical report, University of Toronto},
  title = {Learning multiple layers of features from tiny images},
  year = {2009},
  title_with_no_special_chars = {Learning multiple layers of features from tiny images}
}

@article{
  mnist,
  title={{MNIST} handwritten digit database},
  author={LeCun, Yann and Cortes, Corinna and Burges, CJ},
  journal={ATT Labs [Online]. Available: http://yann.lecun.com/exdb/mnist},
  volume={2},
  year={2010}
}

@article{
  omniglot,
  author = {Brenden M. Lake  and Ruslan Salakhutdinov  and Joshua B. Tenenbaum },
  title = {Human-level concept learning through probabilistic program induction},
  journal = {Science},
  volume = {350},
  number = {6266},
  pages = {1332-1338},
  year = {2015},
  doi = {10.1126/science.aab3050}
}

@INPROCEEDINGS{
  densenet,
  author={Huang, Gao and Liu, Zhuang and Van Der Maaten, Laurens and Weinberger, Kilian Q.},
  booktitle={2017 IEEE Conference on Computer Vision and Pattern Recognition (CVPR)}, 
  title={Densely Connected Convolutional Networks}, 
  year={2017},
  volume={},
  number={},
  pages={2261-2269},
  doi={10.1109/CVPR.2017.243}
}

@article{
  resnet,
  title={Deep Residual Learning for Image Recognition},
  author={Kaiming He and X. Zhang and Shaoqing Ren and Jian Sun},
  journal={2016 IEEE Conference on Computer Vision and Pattern Recognition (CVPR)},
  year={2016},
  pages={770-778}
}

@misc{
  wideresnet,
  doi = {10.48550/ARXIV.1605.07146},
  author = {Zagoruyko, Sergey and Komodakis, Nikos},
  title = {Wide Residual Networks},
  publisher = {arXiv},
  year = {2016},
  copyright = {arXiv.org perpetual, non-exclusive license}
}

@misc{
  bagan,
  doi = {10.48550/ARXIV.1803.09655},
  author = {Mariani, Giovanni and Scheidegger, Florian and Istrate, Roxana and Bekas, Costas and Malossi, Cristiano},
  title = {BAGAN: Data Augmentation with Balancing GAN},
  publisher = {arXiv},
  year = {2018},
  copyright = {arXiv.org perpetual, non-exclusive license}
}
@article{paszke2017automatic,
  title={Automatic differentiation in pytorch},
  author={Paszke, Adam and Gross, Sam and Chintala, Soumith and Chanan, Gregory and Yang, Edward and DeVito, Zachary and Lin, Zeming and Desmaison, Alban and Antiga, Luca and Lerer, Adam},
  year={2017}
}

@misc{lyle2020benefits,
    title={On the Benefits of Invariance in Neural Networks},
    author={Clare Lyle and Mark van der Wilk and Marta Kwiatkowska and Yarin Gal and Benjamin Bloem-Reddy},
    year={2020},
    eprint={2005.00178},
    archivePrefix={arXiv},
    primaryClass={cs.LG}
}