@String(PAMI  = {IEEE TPAMI})
@String(IJCV  = {IJCV})
@String(CVPR  = {CVPR})
@String(ICCV  = {ICCV})
@String(ECCV  = {ECCV})
@String(NIPS  = {NeurIPS})
@String(ICPR  = {ICPR})
@String(BMVC  =	{BMVC})
@String(TOG   = {ACM TOG})
@String(TIP   = {IEEE TIP})
@String(TVCG  = {IEEE TVCG})
@String(TCSVT = {IEEE TCSVT})
@String(TMM   =	{IEEE TMM})
@String(ACMMM = {ACM MM})
@String(ICME  =	{ICME})
@String(ICASSP=	{ICASSP})
@String(ICIP  = {ICIP})
@String(ACCV  = {ACCV})
@String(ICLR  = {ICLR})
@String(IJCAI = {IJCAI})
@String(PR = {PR})
@String(AAAI = {AAAI})
@String(CVPRW= {CVPRW})
@String(CSVT = {IEEE TCSVT})



@String(PAMI = {IEEE Trans. Pattern Anal. Mach. Intell.})
@String(IJCV = {Int. J. Comput. Vis.})
@String(CVPR= {IEEE Conf. Comput. Vis. Pattern Recog.})
@String(ICCV= {Int. Conf. Comput. Vis.})
@String(ECCV= {Eur. Conf. Comput. Vis.})
@String(NIPS= {Adv. Neural Inform. Process. Syst.})
@String(ICPR = {Int. Conf. Pattern Recog.})
@String(BMVC= {Brit. Mach. Vis. Conf.})
@String(TOG= {ACM Trans. Graph.})
@String(TIP  = {IEEE Trans. Image Process.})
@String(TVCG  = {IEEE Trans. Vis. Comput. Graph.})
@String(TMM  = {IEEE Trans. Multimedia})
@String(ACMMM= {ACM Int. Conf. Multimedia})
@String(ICME = {Int. Conf. Multimedia and Expo})
@String(ICASSP=	{ICASSP})
@String(ICIP = {IEEE Int. Conf. Image Process.})
@String(ACCV  = {ACCV})
@String(ICLR = {Int. Conf. Learn. Represent.})
@String(IJCAI = {IJCAI})
@String(PR   = {Pattern Recognition})
@String(AAAI = {AAAI})
@String(CVPRW= {IEEE Conf. Comput. Vis. Pattern Recog. Worksh.})
@String(CSVT = {IEEE Trans. Circuit Syst. Video Technol.})

@String(SPL	= {IEEE Sign. Process. Letters})
@String(VR   = {Vis. Res.})
@String(JOV	 = {J. Vis.})
@String(TVC  = {The Vis. Comput.})
@String(JCST  = {J. Comput. Sci. Tech.})
@String(CGF  = {Comput. Graph. Forum})
@String(CVM = {Computational Visual Media})


@misc{easymocap,
author = {},
title = {},
howpublished = {\url{https://github.com/zju3dv/EasyMocap}}
}


@inproceedings{lightcap2021,
title={Light-weight Multi-person Total Capture Using Sparse Multi-view Cameras},
author={Zhang, Yuxiang and Li, Zhe and An, Liang and Li, Mengcheng and Yu, Tao and Liu, Yebin},
year={2021},
booktitle={ICCV}
}


@inproceedings{gall2009motion,
  title={Motion capture using joint skeleton tracking and surface estimation},
  author={Gall, Juergen and Stoll, Carsten and De Aguiar, Edilson and Theobalt, Christian and Rosenhahn, Bodo and Seidel, Hans-Peter},
  booktitle={CVPR},
  year={2009}
}

@inproceedings{liu2011markerless,
  title={Markerless motion capture of interacting characters using multi-view image segmentation},
  author={Liu, Yebin and Stoll, Carsten and Gall, Juergen and Seidel, Hans-Peter and Theobalt, Christian},
  booktitle={CVPR},
  year={2011}
}

@article{Sumner2007embedded,
	author = {Sumner, Robert W. and Schmid, Johannes and Pauly, Mark},
	title = {Embedded Deformation for Shape Manipulation},
	journal = {ACM TOG},
	volume = {26},
	number = {3},
	year = {2007}
} 

@article{li2009robust,
  title={Robust single-view geometry and motion reconstruction},
  author={Li, Hao and Adams, Bart and Guibas, Leonidas J and Pauly, Mark},
  journal={ACM TOG},
  volume={28},
  number={5},
  pages={1--10},
  year={2009}
}

@inproceedings{guo2015robust,
  title={Robust non-rigid motion tracking and surface reconstruction using l0 regularization},
  author={Guo, Kaiwen and Xu, Feng and Wang, Yangang and Liu, Yebin and Dai, Qionghai},
  booktitle={ICCV},
  year={2015}
}

@inproceedings{izadi2011kinectfusion,
  title={KinectFusion: real-time 3D reconstruction and interaction using a moving depth camera},
  author={Izadi, Shahram and Kim, David and Hilliges, Otmar and Molyneaux, David and Newcombe, Richard and Kohli, Pushmeet and Shotton, Jamie and Hodges, Steve and Freeman, Dustin and Davison, Andrew and others},
  booktitle={24th annual ACM symposium on User interface software and technology},
  year={2011}
}

@article{dai2017bundlefusion,
  title={Bundlefusion: Real-time globally consistent 3d reconstruction using on-the-fly surface reintegration},
  author={Dai, Angela and Nie{\ss}ner, Matthias and Zollh{\"o}fer, Michael and Izadi, Shahram and Theobalt, Christian},
  journal={ACM TOG},
  volume={36},
  number={4},
  pages={1},
  year={2017},
  publisher={ACM New York, NY, USA}
}

@article{niessner2013real,
  title={Real-time 3D reconstruction at scale using voxel hashing},
  author={Nie{\ss}ner, Matthias and Zollh{\"o}fer, Michael and Izadi, Shahram and Stamminger, Marc},
  journal={ACM TOG},
  volume={32},
  number={6},
  pages={1--11},
  year={2013},
  publisher={ACM New York, NY, USA}
}

@inproceedings{lee2020texturefusion,
  title={TextureFusion: High-Quality Texture Acquisition for Real-Time RGB-D Scanning},
  author={Lee, Joo Ho and Ha, Hyunho and Dong, Yue and Tong, Xin and Kim, Min H},
  booktitle={CVPR},
  year={2020}
}

@inproceedings{newcombe2015dynamicfusion,
  title={Dynamicfusion: Reconstruction and tracking of non-rigid scenes in real-time},
  author={Newcombe, Richard A and Fox, Dieter and Seitz, Steven M},
  booktitle={CVPR},
  year={2015}
}

@inproceedings{innmann2016volume,
	author = {Matthias Innmann and Michael Zollh{\"o}fer and Matthias Nie{\ss}ner and Christian Theobalt and Marc Stamminger},
	title = {VolumeDeform: Real-time Volumetric Non-rigid Reconstruction},
	booktitle = {ECCV},
	year = {2016}
	
}

@inproceedings{slavcheva2017killingfusion,
  title={Killingfusion: Non-rigid 3d reconstruction without correspondences},
  author={Slavcheva, Miroslava and Baust, Maximilian and Cremers, Daniel and Ilic, Slobodan},
  booktitle={CVPR},
  year={2017}
}

@inproceedings{Slavcheva_2018_CVPR,
	author = {Slavcheva, Miroslava and Baust, Maximilian and Ilic, Slobodan},
	title = {SobolevFusion: 3D Reconstruction of Scenes Undergoing Free Non-Rigid Motion},
	booktitle = {CVPR },
	year = {2018}
}

@article{guo2017real,
	title={Real-time Geometry, Albedo and Motion Reconstruction Using a Single RGBD Camera},
	author={Guo, Kaiwen and Xu, Feng and Yu, Tao and Liu, Xiaoyang and Dai, Qionghai and Liu, Yebin},
	journal={ACM TOG},
	year={2017},
	volume={36},
	number={3},
	pages={32:1-32:13}
}

@inproceedings{chao2018ArticulatedFusion,
	author = {Li, Chao and Zhang, Zheheng and Guo, Xiaohu},
	title = {ArticulatedFusion: Real-time Reconstruction of Motion, Geometry and Segmentation Using a Single Depth Camera},
	booktitle = {ECCV},
	year={2018}
}

@inproceedings{yu2017BodyFusion,
	author = {Yu, Tao and Guo, Kaiwen and Xu, Feng and Dong, Yuan and Su, Zhaoqi and Zhao, Jianhui and Li, Jianguo and Dai, Qionghai and Liu, Yebin},
	title = {BodyFusion: Real-time Capture of Human Motion and Surface Geometry Using a Single Depth Camera},
	booktitle = {ICCV},
	year={2017}
}

@inproceedings{Zheng2018HybridFusion, 
	author = {Zheng, Zerong and Yu, Tao and Li, Hao and Guo, Kaiwen and Dai, Qionghai and Fang, Lu and Liu, Yebin},
	title = {HybridFusion: Real-time Performance Capture Using a Single Depth Sensor and Sparse IMUs},
	booktitle = {ECCV},
	year={2018}
}

@inproceedings{yu2018doublefusion,
	author = {Yu, Tao and Zheng, Zerong and Guo, Kaiwen and Zhao, Jianhui and Dai, Qionghai and Li, Hao and Pons-Moll, Gerard and Liu, Yebin},
	title = {DoubleFusion: Real-time Capture of Human Performances with Inner Body Shapes from a Single Depth Sensor},
	booktitle = {CVPR},
	year={2018}
}

@inproceedings{omran2018neural,
  title={Neural body fitting: Unifying deep learning and model based human pose and shape estimation},
  author={Omran, Mohamed and Lassner, Christoph and Pons-Moll, Gerard and Gehler, Peter and Schiele, Bernt},
  booktitle={3DV},
  pages={484--494},
  year={2018},
  organization={IEEE}
}

@inproceedings{kanazawa2018hmr,
  title={End-to-end recovery of human shape and pose},
  author={Kanazawa, Angjoo and Black, Michael J and Jacobs, David W and Malik, Jitendra},
  booktitle={CVPR},
  pages={7122--7131},
  year={2018}
}

@inproceedings{kolotouros2019cmr,
  title={Convolutional mesh regression for single-image human shape reconstruction},
  author={Kolotouros, Nikos and Pavlakos, Georgios and Daniilidis, Kostas},
  booktitle={CVPR},
  pages={4501--4510},
  year={2019}
}

@article{loper2015smpl,
  title={SMPL: A skinned multi-person linear model},
  author={Loper, Matthew and Mahmood, Naureen and Romero, Javier and Pons-Moll, Gerard and Black, Michael J},
  journal={ACM TOG},
  volume={34},
  number={6},
  pages={1--16},
  year={2015},
  publisher={ACM New York, NY, USA}
}

@inproceedings{natsume2019siclope,
  title={Siclope: Silhouette-based clothed people},
  author={Natsume, Ryota and Saito, Shunsuke and Huang, Zeng and Chen, Weikai and Ma, Chongyang and Li, Hao and Morishima, Shigeo},
  booktitle={CVPR},
  year={2019}
}

@inproceedings{gabeur2019moulding,
  title={Moulding humans: Non-parametric 3d human shape estimation from single images},
  author={Gabeur, Valentin and Franco, Jean-S{\'e}bastien and Martin, Xavier and Schmid, Cordelia and Rogez, Gregory},
  booktitle={ICCV},
  year={2019}
}


@inproceedings{zhu2019hmd,
  title={Detailed human shape estimation from a single image by hierarchical mesh deformation},
  author={Zhu, Hao and Zuo, Xinxin and Wang, Sen and Cao, Xun and Yang, Ruigang},
  booktitle={CVPR},
  year={2019}
}

@inproceedings{alldieck2019tex2shape,
  title={Tex2shape: Detailed full human body geometry from a single image},
  author={Alldieck, Thiemo and Pons-Moll, Gerard and Theobalt, Christian and Magnor, Marcus},
  booktitle={ICCV},
  year={2019}
}

@inproceedings{varol2018bodynet,
  title={Bodynet: Volumetric inference of 3d human body shapes},
  author={Varol, Gul and Ceylan, Duygu and Russell, Bryan and Yang, Jimei and Yumer, Ersin and Laptev, Ivan and Schmid, Cordelia},
  booktitle={ECCV},
  year={2018}
}

@inproceedings{zheng2019deephuman,
  title={Deephuman: 3d human reconstruction from a single image},
  author={Zheng, Zerong and Yu, Tao and Wei, Yixuan and Dai, Qionghai and Liu, Yebin},
  booktitle={ICCV},
  year={2019}
}

@inproceedings{saito2019pifu,
  title={Pifu: Pixel-aligned implicit function for high-resolution clothed human digitization},
  author={Saito, Shunsuke and Huang, Zeng and Natsume, Ryota and Morishima, Shigeo and Kanazawa, Angjoo and Li, Hao},
  booktitle={ICCV},
  year={2019}
}

@inproceedings{li2020monoport,
    title={Monocular Real-Time Volumetric Performance Capture},
    author={Li, Ruilong and Xiu, Yuliang and Saito, Shunsuke and Huang, Zeng and Olszewski, Kyle and Li, Hao},
    booktitle={ECCV},
    year={2020}
}

@inproceedings{li2020portrait,
  title={Robust 3D Self-portraits in Seconds},
  author={Li, Zhe and Yu, Tao and Pan, Chuanyu and Zheng, Zerong and Liu, Yebin},
  booktitle={CVPR},
  year={2020}
}

@inproceedings{zhi2020texmesh,
  title={TexMesh: Reconstructing Detailed Human Texture and Geometry from RGB-D Video},
  author={Zhi, Tiancheng and Lassner, Christoph and Tung, Tony and Stoll, Carsten and Narasimhan, Srinivasa G and Vo, Minh},
  booktitle={ECCV},
  year={2020}
}

@article{habermann2019livecap,
  title={Livecap: Real-time human performance capture from monocular video},
  author={Habermann, Marc and Xu, Weipeng and Zollhoefer, Michael and Pons-Moll, Gerard and Theobalt, Christian},
  journal={ACM TOG},
  volume={38},
  number={2},
  pages={1--17},
  year={2019},
  publisher={ACM New York, NY, USA}
}

@inproceedings{habermann2020deepcap,
  title={Deepcap: Monocular human performance capture using weak supervision},
  author={Habermann, Marc and Xu, Weipeng and Zollhofer, Michael and Pons-Moll, Gerard and Theobalt, Christian},
  booktitle={CVPR},
  year={2020}
}

@InProceedings{saito2020pifuhd,
author = {Saito, Shunsuke and Simon, Tomas and Saragih, Jason and Joo, Hanbyul},
title = {PIFuHD: Multi-Level Pixel-Aligned Implicit Function for High-Resolution 3D Human Digitization},
booktitle = {CVPR},
year = {2020}
}

@InProceedings{ARCH2020,
author = {Huang, Zeng and Xu, Yuanlu and Lassner, Christoph and Li, Hao and Tung, Tony},
title = {ARCH: Animatable Reconstruction of Clothed Humans},
booktitle = {CVPR },
year = {2020}
}


@article{liu2009point,
  title={A point-cloud-based multiview stereo algorithm for free-viewpoint video},
  author={Liu, Yebin and Dai, Qionghai and Xu, Wenli},
  journal={IEEE TVCG},
  volume={16},
  number={3},
  pages={407--418},
  year={2009},
  publisher={IEEE}
}

@incollection{bradley2008markerless,
  title={Markerless garment capture},
  author={Bradley, Derek and Popa, Tiberiu and Sheffer, Alla and Heidrich, Wolfgang and Boubekeur, Tamy},
  booktitle={ACM SIGGRAPH},
  pages={1--9},
  year={2008}
}

@article{brox2009combined,
  title={Combined region and motion-based 3D tracking of rigid and articulated objects},
  author={Brox, Thomas and Rosenhahn, Bodo and Gall, Juergen and Cremers, Daniel},
  journal={IEEE T-PAMI},
  volume={32},
  number={3},
  pages={402--415},
  year={2009},
  publisher={IEEE}
}

@inproceedings{ye2012performance,
  title={Performance capture of interacting characters with handheld kinects},
  author={Ye, Genzhi and Liu, Yebin and Hasler, Nils and Ji, Xiangyang and Dai, Qionghai and Theobalt, Christian},
  booktitle={ECCV},
  year={2012}
}

@inproceedings{mustafa2015general,
  title={General dynamic scene reconstruction from multiple view video},
  author={Mustafa, Armin and Kim, Hansung and Guillemaut, Jean-Yves and Hilton, Adrian},
  booktitle={ICCV},
  year={2015}
}

@article{dou2016fusion4d,
  title={Fusion4d: Real-time performance capture of challenging scenes},
  author={Dou, Mingsong and Khamis, Sameh and Degtyarev, Yury and Davidson, Philip and Fanello, Sean Ryan and Kowdle, Adarsh and Escolano, Sergio Orts and Rhemann, Christoph and Kim, David and Taylor, Jonathan and others},
  journal={ACM TOG},
  volume={35},
  number={4},
  pages={1--13},
  year={2016},
  publisher={ACM New York, NY, USA}
}

@inproceedings{leroy2017multi,
  title={Multi-view dynamic shape refinement using local temporal integration},
  author={Leroy, Vincent and Franco, Jean-S{\'e}bastien and Boyer, Edmond},
  booktitle={ICCV},
  year={2017}
}

@article{pons2017clothcap,
  title={ClothCap: Seamless 4D clothing capture and retargeting},
  author={Pons-Moll, Gerard and Pujades, Sergi and Hu, Sonny and Black, Michael J},
  journal={ACM TOG},
  volume={36},
  number={4},
  pages={1--15},
  year={2017},
  publisher={ACM New York, NY, USA}
}

@inproceedings{ye2014real,
  title={Real-time simultaneous pose and shape estimation for articulated objects using a single depth camera},
  author={Ye, Mao and Yang, Ruigang},
  booktitle={CVPR},
  year={2014}
}

@article{zollhofer2014real,
  title={Real-time non-rigid reconstruction using an RGB-D camera},
  author={Zollh{\"o}fer, Michael and Nie{\ss}ner, Matthias and Izadi, Shahram and Rehmann, Christoph and Zach, Christopher and Fisher, Matthew and Wu, Chenglei and Fitzgibbon, Andrew and Loop, Charles and Theobalt, Christian and others},
  journal={ACM TOG},
  volume={33},
  number={4},
  pages={1--12},
  year={2014},
  publisher={ACM New York, NY, USA}
}

@inproceedings{su2020robustfusion,
    title={RobustFusion: human volumetric capture with data-driven visual cues using a rgbd camera},
    author={Su, Zhuo and Xu, Lan and Zheng, Zerong and Yu, Tao and Liu, Yebin and Fang, Lu},
    booktitle={ECCV},
    year={2020}
}

@article{lorensen1987marching,
  title={Marching cubes: A high resolution 3D surface construction algorithm},
  author={Lorensen, William E and Cline, Harvey E},
  journal={ACM SIGGRAPH},
  volume={21},
  number={4},
  pages={163--169},
  year={1987},
  publisher={ACM New York, NY, USA}
}


@inproceedings{bogo2015detailed,
  title={Detailed full-body reconstructions of moving people from monocular RGB-D sequences},
  author={Bogo, Federica and Black, Michael J and Loper, Matthew and Romero, Javier},
  booktitle={ICCV},
  year={2015}
}

@article{xu2018monoperfcap,
  title={Monoperfcap: Human performance capture from monocular video},
  author={Xu, Weipeng and Chatterjee, Avishek and Zollh{\"o}fer, Michael and Rhodin, Helge and Mehta, Dushyant and Seidel, Hans-Peter and Theobalt, Christian},
  journal={ACM TOG},
  volume={37},
  number={2},
  pages={1--15},
  year={2018},
  publisher={ACM New York, NY, USA}
}


@ARTICLE{zheng2020pamir,  
author={Zheng, Zerong and Yu, Tao and Liu, Yebin and Dai, Qionghai},  
journal={IEEE TPAMI},   
title={PaMIR: Parametric Model-Conditioned Implicit Representation for Image-based Human Reconstruction},   
year={2021},  
volume={},  
number={},  
pages={}
}

 @inproceedings{chibane20ifnet,
    title = {Implicit Functions in Feature Space for 3D Shape Reconstruction and Completion},
    author = {Chibane, Julian and Alldieck, Thiemo and Pons-Moll, Gerard},
    booktitle = {CVPR },
    year = {2020},
}

@InProceedings{local_implicit,
author = {Jiang, Chiyu "Max" and Sud, Avneesh and Makadia, Ameesh and Huang, Jingwei and Niessner, Matthias and Funkhouser, Thomas},
title = {Local Implicit Grid Representations for 3D Scenes},
booktitle = {CVPR },
year = {2020}
}


@article{qi2016pointnet,
  title={PointNet: Deep Learning on Point Sets for 3D Classification and Segmentation},
  author={Qi, Charles R and Su, Hao and Mo, Kaichun and Guibas, Leonidas J},
  journal={arXiv preprint arXiv:1612.00593},
  year={2016}
}

@article{qi2017pointnetplusplus,
  title={PointNet++: Deep Hierarchical Feature Learning on Point Sets in a Metric Space},
  author={Qi, Charles R and Yi, Li and Su, Hao and Guibas, Leonidas J},
  journal={arXiv preprint arXiv:1706.02413},
  year={2017}
}

@inproceedings{lin2018learning,
  title={Learning efficient point cloud generation for dense 3D object reconstruction},
  author={Lin, Chen-Hsuan and Kong, Chen and Lucey, Simon},
  booktitle={AAAI},
  year={2018}
}

@article{groueix2018atlasnet,
  title={AtlasNet: A Papier-M$\backslash$\^{} ach$\backslash$'e Approach to Learning 3D Surface Generation},
  author={Groueix, Thibault and Fisher, Matthew and Kim, Vladimir G and Russell, Bryan C and Aubry, Mathieu},
  journal={arXiv preprint arXiv:1802.05384},
  year={2018}
}

@inProceedings{wang2018pixel2mesh,
  title={Pixel2Mesh: Generating 3D Mesh Models from Single RGB Images},
  author={Nanyang Wang and Yinda Zhang and Zhuwen Li and Yanwei Fu and Wei Liu and Yu-Gang Jiang},
  booktitle={ECCV},
  year={2018}
}

@InProceedings{park2019deepsdf,
author = {Park, Jeong Joon and Florence, Peter and Straub, Julian and Newcombe, Richard and Lovegrove, Steven},
title = {DeepSDF: Learning Continuous Signed Distance Functions for Shape Representation},
booktitle = {CVPR },
year = {2019}
}

@InProceedings{Mescheder2019OccupancyNetwork,
author = {Mescheder, Lars and Oechsle, Michael and Niemeyer, Michael and Nowozin, Sebastian and Geiger, Andreas},
title = {Occupancy Networks: Learning 3D Reconstruction in Function Space},
booktitle = {CVPR },
year = {2019}
}

@InProceedings{chen2019implicit,
author = {Chen, Zhiqin and Zhang, Hao},
title = {Learning Implicit Fields for Generative Shape Modeling},
booktitle = {CVPR },
year = {2019}
}


@inproceedings{UnitethePeople2017,
  author    = {Christoph Lassner and
               Javier Romero and
               Martin Kiefel and
               Federica Bogo and
               Michael J. Black and
               Peter V. Gehler},
  title     = {Unite the People: Closing the Loop Between 3D and 2D Human Representations},
  booktitle = {CVPR},
  year      = {2017},
}



@inproceedings{DensePose,
  title={Densepose: Dense human pose estimation in the wild},
  author={G{\"u}ler, R{\i}za Alp and Neverova, Natalia and Kokkinos, Iasonas},
  booktitle={CVPR},
  year={2018}
}

@inproceedings{Bogo:ECCV:2016,
  title = {Keep it {SMPL}: Automatic Estimation of {3D} Human Pose and Shape from a Single Image},
  author = {Bogo, Federica and Kanazawa, Angjoo and Lassner, Christoph and Gehler, Peter and Romero, Javier and Black, Michael J.},
  booktitle = {ECCV},
  year = {2016}
}

@inproceedings{OpenPoseCao,
  author    = {Zhe Cao and
               Tomas Simon and
               Shih{-}En Wei and
               Yaser Sheikh},
  title     = {Realtime Multi-person 2D Pose Estimation Using Part Affinity Fields},
  booktitle = {CVPR},
  year      = {2017},
}


@article{SCAPE,
  author    = {Dragomir Anguelov and
               Praveen Srinivasan and
               Daphne Koller and
               Sebastian Thrun and
               Jim Rodgers and
               James Davis},
  title     = {{SCAPE:} shape completion and animation of people},
  journal   = {{ACM} TOG},
  volume    = {24},
  number    = {3},
  pages     = {408--416},
  year      = {2005},
}

@article{Vlasic08,
  author    = {Daniel Vlasic and
               Ilya Baran and
               Wojciech Matusik and
               Jovan Popovic},
  title     = {Articulated mesh animation from multi-view silhouettes},
  journal   = {{ACM} TOG},
  volume    = {27},
  number    = {3},
  pages     = {97:1--97:9},
  year      = {2008},
}

@article{Aguiar08,
  author    = {Edilson de Aguiar and
               Carsten Stoll and
               Christian Theobalt and
               Naveed Ahmed and
               Hans{-}Peter Seidel and
               Sebastian Thrun},
  title     = {Performance capture from sparse multi-view video},
  journal   = {{ACM} TOG},
  volume    = {27},
  number    = {3},
  pages     = {98:1--98:10},
  year      = {2008},
}

@article{LiuPAMI13,
  author    = {Yebin Liu and
               Juergen Gall and
               Carsten Stoll and
               Qionghai Dai and
               Hans{-}Peter Seidel and
               Christian Theobalt},
  title     = {Markerless Motion Capture of Multiple Characters Using Multiview Image
               Segmentation},
  journal   = {T-PAMI},
  volume    = {35},
  number    = {11},
  pages     = {2720--2735},
  year      = {2013},
}

@inproceedings{GallSkeleton09,
  author    = {Juergen Gall and
               Carsten Stoll and
               Edilson de Aguiar and
               Christian Theobalt and
               Bodo Rosenhahn and
               Hans{-}Peter Seidel},
  title     = {Motion capture using joint skeleton tracking and surface estimation},
  booktitle = {CVPR},
  year      = {2009},
}

@inproceedings{SparseViewHaoLi18,
  author    = {Zeng Huang and
               Tianye Li and
               Weikai Chen and
               Yajie Zhao and
               Jun Xing and
               Chloe LeGendre and
               Linjie Luo and
               Chongyang Ma and
               Hao Li},
  title     = {Deep Volumetric Video From Very Sparse Multi-view Performance Capture},
  booktitle = {ECCV},
  year      = {2018},
}

@inproceedings{MinimalCam18,
  author    = {Andrew Gilbert and
               Marco Volino and
               John Collomosse and
               Adrian Hilton},
  title     = {Volumetric Performance Capture from Minimal Camera Viewpoints},
  booktitle = {ECCV},
  year      = {2018},
}

@inproceedings{TotalCapture,
  author    = {Hanbyul Joo and
               Tomas Simon and
               Yaser Sheikh},
  title     = {Total Capture: {A} 3D Deformation Model for Tracking Faces, Hands, and Bodies},
  booktitle = {CVPR},  
  year      = {2017} 
}

@inproceedings{joo2015panoptic,
  title={Panoptic Studio: A Massively Multiview System for Social Motion Capture},
  author={Joo, Hanbyul and Liu, Hao and Tan, Lei and Gui, Lin and Nabbe, Bart and Matthews, Iain and Kanade, Takeo and Nobuhara, Shohei and Sheikh, Yaser},
  booktitle={ICCV},
  year={2015}
}

@article{collet2015high,
  title={High-quality streamable free-viewpoint video},
  author={Collet, Alvaro and Chuang, Ming and Sweeney, Pat and Gillett, Don and Evseev, Dennis and Calabrese, David and Hoppe, Hugues and Kirk, Adam and Sullivan, Steve},
  journal={ACM TOG},
  volume={34},
  number={4},
  pages={69},
  year={2015}
}


@article{Motion2Fusion,
  author    = {Mingsong Dou and
               Philip L. Davidson and
               Sean Ryan Fanello and
               Sameh Khamis and
               Adarsh Kowdle and
               Christoph Rhemann and
               Vladimir Tankovich and
               Shahram Izadi},
  title     = {Motion2fusion: real-time volumetric performance capture},
  journal   = {{ACM} TOG},
  volume    = {36},
  number    = {6},
  pages     = {246:1--246:16},
  year      = {2017},
}


@article{StarckCGA07,
  author    = {Jonathan Starck and
               Adrian Hilton},
  title     = {Surface Capture for Performance-Based Animation},
  journal   = {{IEEE} Computer Graphics and Applications},
  volume    = {27},
  number    = {3},
  pages     = {21--31},
  year      = {2007},
}

@article{Kanade97,
  author    = {Takeo Kanade and
               Peter Rander and
               P. J. Narayanan},
  title     = {Virtualized Reality: Constructing Virtual Worlds from Real Scenes},
  journal   = {{IEEE} MultiMedia},
  volume    = {4},
  number    = {1},
  pages     = {34--47},
  year      = {1997},
}

@inproceedings{maturana2015voxnet,
  title={Voxnet: A 3d convolutional neural network for real-time object recognition},
  author={Maturana, Daniel and Scherer, Sebastian},
  booktitle={IROS},
  year={2015}
}

@inproceedings{su2015multi,
  title={Multi-view convolutional neural networks for 3d shape recognition},
  author={Su, Hang and Maji, Subhransu and Kalogerakis, Evangelos and Learned-Miller, Erik},
  booktitle={ICCV},
  year={2015}
}

@inproceedings{carr2001reconstruction,
  title={Reconstruction and representation of 3D objects with radial basis functions},
  author={Carr, Jonathan C and Beatson, Richard K and Cherrie, Jon B and Mitchell, Tim J and Fright, W Richard and McCallum, Bruce C and Evans, Tim R},
  booktitle={ACM TOG (SIGGRAPH)},
  pages={67--76},
  year={2001},
  organization={ACM}
}


@inproceedings{curless1996volumetric,
author = {Curless, Brian and Levoy, Marc},
title = {A Volumetric Method for Building Complex Models from Range Images},
year = {1996},
isbn = {0897917464},
publisher = {Association for Computing Machinery},
address = {New York, NY, USA},
doi = {10.1145/237170.237269},
booktitle = {ACM TOG (SIGGRAPH)},
pages = {303–312},
numpages = {10},
keywords = {three-dimensional shape recovery, surface fitting, range image integration, isosurface extraction},
series = {SIGGRAPH ’96}
}
  
  
 @article{WaschbuschWCSG05,
  author    = {Michael Waschb{\"{u}}sch and
               Stephan W{\"{u}}rmlin and
               Daniel Cotting and
               Filip Sadlo and
               Markus H. Gross},
  title     = {Scalable 3D video of dynamic scenes},
  journal   = {The Visual Computer},
  volume    = {21},
  number    = {8-10},
  pages     = {629--638},
  year      = {2005},
}

@article{VlasicPBDPRM09,
  author    = {Daniel Vlasic and
               Pieter Peers and
               Ilya Baran and
               Paul E. Debevec and
               Jovan Popovic and
               Szymon Rusinkiewicz and
               Wojciech Matusik},
  title     = {Dynamic shape capture using multi-view photometric stereo},
  journal   = {{ACM} TOG},
  volume    = {28},
  number    = {5},
  pages     = {174:1--174:11},
  year      = {2009},
}

@inproceedings{WuShadingHuman,
  author    = {Chenglei Wu and
               Kiran Varanasi and
               Yebin Liu and
               Hans{-}Peter Seidel and
               Christian Theobalt},
  title     = {Shading-based dynamic shape refinement from multi-view video under general illumination},
  booktitle = {ICCV},
  year      = {2011},
}


@article{Xu2020UnstructuredFusion,
  author    = {Lan Xu and
               Zhuo Su and
               Lei Han and
               Tao Yu and
               Yebin Liu and
               Lu Fang},
  title     = {UnstructuredFusion: Realtime 4D Geometry and Texture Reconstruction
               Using Commercial {RGBD} Cameras},
  journal   = {IEEE TPAMI},
  volume    = {42},
  number    = {10},
  pages     = {2508--2522},
  year      = {2020},
  doi       = {10.1109/TPAMI.2019.2915229},
  timestamp = {Sun, 11 Oct 2020 19:14:39 +0200},
}

@article{guo2019relightables,
author = {Guo, Kaiwen and Lincoln, Peter and Davidson, Philip and Busch, Jay and Yu, Xueming and Whalen, Matt and Harvey, Geoff and Orts-Escolano, Sergio and Pandey, Rohit and Dourgarian, Jason and Tang, Danhang and Tkach, Anastasia and Kowdle, Adarsh and Cooper, Emily and Dou, Mingsong and Fanello, Sean and Fyffe, Graham and Rhemann, Christoph and Taylor, Jonathan and Debevec, Paul and Izadi, Shahram},
title = {The Relightables: Volumetric Performance Capture of Humans with Realistic Relighting},
year = {2019},
issue_date = {November 2019},
publisher = {Association for Computing Machinery},
address = {New York, NY, USA},
volume = {38},
number = {6},
issn = {0730-0301},
doi = {10.1145/3355089.3356571},
abstract = {},
journal = {ACM TOG},
month = nov,
articleno = {217},
numpages = {19},
keywords = {photometric stereo, reflectance estimation, relightability, volumetric capture}
}

@inproceedings{SunXLW19Hrnet,
  title={Deep High-Resolution Representation Learning for Human Pose Estimation},
  author={Ke Sun and Bin Xiao and Dong Liu and Jingdong Wang},
  booktitle={CVPR},
  year={2019}
}

@inproceedings{Vaswani_attention_nips17,
 author = {Vaswani, Ashish and Shazeer, Noam and Parmar, Niki and Uszkoreit, Jakob and Jones, Llion and Gomez, Aidan N and Kaiser, \L ukasz and Polosukhin, Illia},
 booktitle = {NeurIPS},
 editor = {I. Guyon and U. V. Luxburg and S. Bengio and H. Wallach and R. Fergus and S. Vishwanathan and R. Garnett},
 pages = {5998--6008},
 publisher = {Curran Associates, Inc.},
 title = {Attention is All you Need},
 volume = {30},
 year = {2017}
}

@INPROCEEDINGS{Kinectv2_noise_2015,
  author={P. {Fankhauser} and M. {Bloesch} and D. {Rodriguez} and R. {Kaestner} and M. {Hutter} and R. {Siegwart}},
  booktitle={2015 International Conference on Advanced Robotics (ICAR)}, 
  title={Kinect v2 for mobile robot navigation: Evaluation and modeling}, 
  year={2015},
  volume={},
  number={},
  pages={388-394},
  doi={10.1109/ICAR.2015.7251485}
  }

@InProceedings{Chibane_2020_CVPR,
author = {Chibane, Julian and Alldieck, Thiemo and Pons-Moll, Gerard},
title = {Implicit Functions in Feature Space for 3D Shape Reconstruction and Completion},
booktitle = {CVPR },
year = {2020}
}

@inproceedings{bhatnagar2020ipnet,
    title = {Combining Implicit Function Learning and Parametric Models for 3D Human Reconstruction},
    author = {Bhatnagar, Bharat Lal and Sminchisescu, Cristian and Theobalt, Christian and Pons-Moll, Gerard},
    booktitle = {ECCV},
    year = {2020},
}

@InProceedings{Wu_2020_CVPR,
author = {Wu, Minye and Wang, Yuehao and Hu, Qiang and Yu, Jingyi},
title = {Multi-View Neural Human Rendering},
booktitle = {CVPR },
year = {2020}
}

@inproceedings{bozic2020deepdeform,
    title={DeepDeform: Learning Non-rigid RGB-D Reconstruction with Semi-supervised Data},
    author={Bo{\v{z}}i{\v{c}}, Alja{\v{z}} and Zollh{\"o}fer, Michael and Theobalt, Christian and Nie{\ss}ner, Matthias},
	booktitle = {CVPR},
	year={2020}
}

@INPROCEEDINGS{Mustafa16,
	title = {Temporally coherent 4D reconstruction of complex dynamic scenes},
	year={2016},
	booktitle={CVPR}, 
	author={Mustafa, A. and Kim, H. and Guillemaut, J-Y. and Hilton, A.}
}

@INPROCEEDINGS{Cohen-Steiner03restricteddelaunay,
    author = {David Cohen-Steiner and Jean-Marie Morvan},
    title = {Restricted Delaunay triangulations and normal cycle},
    booktitle = { ACM SYMPOSIUM ON COMPUTATIONAL GEOMETRY},
    year = {2003}
}

@INPROCEEDINGS{Peng2020ECCV_Full,
 author =  {Songyou Peng and Michael Niemeyer and Lars Mescheder and Marc Pollefeys and Andreas Geiger},
 title = {Convolutional Occupancy Networks},
 booktitle = {ECCV},
 year = {2020}}

@INPROCEEDINGS{Peng2020ECCV,
 author =  {Songyou Peng and Michael Niemeyer \textit{et,al.}},
 title = {Convolutional Occupancy Networks},
 booktitle = {ECCV},
 year = {2020}}
 
 @InProceedings{DeepLocalShapes,
author="Chabra, Rohan
and Lenssen, Jan E.
and Ilg, Eddy
and Schmidt, Tanner
and Straub, Julian
and Lovegrove, Steven
and Newcombe, Richard",
title="Deep Local Shapes: Learning Local SDF Priors for Detailed 3D Reconstruction",
booktitle="ECCV",
year="2020",
publisher="Springer International Publishing",
address="Cham",
pages="608--625",
isbn="978-3-030-58526-6"
}

@inproceedings{Occupancy_Networks,
  title = {Occupancy Networks: Learning 3D Reconstruction in Function Space},
  author = {Mescheder, Lars and Oechsle, Michael and Niemeyer, Michael and Nowozin, Sebastian and Geiger, Andreas},
  booktitle = {CVPR},
  year = {2019}
}

@article{Kazhdan_SPSR_TOG13,
author = {Kazhdan, Michael and Hoppe, Hugues},
title = {Screened Poisson Surface Reconstruction},
year = {2013},
issue_date = {June 2013},
publisher = {Association for Computing Machinery},
address = {New York, NY, USA},
volume = {32},
number = {3},
issn = {0730-0301},
doi = {10.1145/2487228.2487237},
journal = {ACM TOG},
month = jul,
articleno = {29},
numpages = {13},
keywords = {surface fitting, adaptive octree, Screened Poisson equation, finite elements}
}

@inproceedings{wang2020normalgan,
title={NormalGAN: Learning Detailed 3D Human from a Single RGB-D Image},
author={Wang, Lizhen and Zhao, Xiaochen and Yu, Tao and Wang, Songtao and Liu, Yebin},
booktitle={ECCV},
year={2020}
}

@inproceedings{peng2021neuralbody,
  title={Neural Body: Implicit Neural Representations with Structured Latent Codes for Novel View Synthesis of Dynamic Humans},
  author={Peng, Sida and Zhang, Yuanqing and Xu, Yinghao and Wang, Qianqian and Shuai, Qing and Bao, Hujun and Zhou, Xiaowei},
  booktitle={CVPR},
  year={2021}
}


@inproceedings{peng2021animatable_nerf,
  title={Animatable Neural Radiance Fields for Modeling Dynamic Human Bodies},
  author={Peng, Sida and Dong, Junting and Wang, Qianqian and Zhang, Shangzhan and Shuai, Qing and Zhou, Xiaowei and Bao, Hujun},
  booktitle={ICCV},
  year={2021}
}

@article{
	habermann2021realtimeDDC,
	author = {Marc Habermann and Lingjie Liu and Weipeng Xu and Michael Zollhoefer and Gerard Pons-Moll and Christian Theobalt},
	title = {Real-time Deep Dynamic Characters},
	journal = {ACM TOG}, 
	month = {aug},
	volume = {40},
	number = {4}, 
	articleno = {94},
	year = {2021}, 
	publisher = {ACM}
} 

@article{neural_actors,
      title={Neural Actor: Neural Free-view Synthesis of Human Actors with Pose Control}, 
      author={Lingjie Liu and Marc Habermann and Viktor Rudnev and Kripasindhu Sarkar and Jiatao Gu and Christian Theobalt},
      year={2021},
      journal = {ACM TOG (ACM SIGGRAPH Asia)}
}


@inproceedings{alldieck2018videoavatar_detailed,
    title = {Detailed Human Avatars from Monocular Video},
    author = {Alldieck, Thiemo and Magnor, Marcus and Xu, Weipeng and Theobalt, Christian and Pons-Moll, Gerard},
    booktitle = {3DV},
    year = {2018},
}

@inproceedings{alldieck19octopus,
    title = {Learning to Reconstruct People in Clothing from a Single {RGB} Camera},
    author = {Alldieck, Thiemo and Magnor, Marcus and Bhatnagar, Bharat Lal and Theobalt, Christian and Pons-Moll, Gerard},
    booktitle = {CVPR },
    year = {2019},
}

@inproceedings{alldieck2018videoavatar,
    title = {Video Based Reconstruction of 3D People Models},
    author = {Alldieck, Thiemo and Magnor, Marcus and Xu, Weipeng and Theobalt, Christian and Pons-Moll, Gerard},
    booktitle = {CVPR},
    year = {2018},
}

@inproceedings{zheng2021deepmulticap,
title={DeepMultiCap: Performance Capture of Multiple Characters Using Sparse Multiview Cameras},
author={Zheng, Yang and Shao, Ruizhi and Zhang, Yuxiang and Yu, Tao and Zheng, Zerong and Dai, Qionghai and Liu, Yebin},
booktitle={ICCV},
year={2021},
}

@InProceedings{yu2021function4d,
title={Function4D: Real-time Human Volumetric Capture from Very Sparse Consumer RGBD Sensors},
author={Yu, Tao and Zheng, Zerong and Guo, Kaiwen and Liu, Pengpeng and Dai, Qionghai and Liu, Yebin},
booktitle={CVPR},
year={2021},
}

@InProceedings{zheng2021dit,
title={Deep Implicit Templates for 3D Shape Representation},
author={Zheng, Zerong and Yu, Tao and Dai, Qionghai and Liu, Yebin},
booktitle = {CVPR},
year={2021},
}

@InProceedings{li2021posefusion,
title={POSEFusion: Pose-guided Selective Fusion for Single-view Human Volumetric Capture},
author={Li, Zhe and Yu, Tao and Zheng, Zerong and Guo, Kaiwen and Liu, Yebin},
year={2021},
booktitle={CVPR},
year={2021},
}

@inproceedings{raj2020anr,
  author    = {Amit Raj and
               Julian Tanke and
               James Hays and
               Minh Vo and
               Carsten Stoll and
               Christoph Lassner},
  title     = {{ANR:} Articulated Neural Rendering for Virtual Avatars},
  booktitle = {CVPR},
  year      = {2021}
}


@article{timur2021driving_signal,
author = {Bagautdinov, Timur and Wu, Chenglei and Simon, Tomas and Prada, Fabi\'{a}n and Shiratori, Takaaki and Wei, Shih-En and Xu, Weipeng and Sheikh, Yaser and Saragih, Jason},
title = {Driving-Signal Aware Full-Body Avatars},
year = {2021},
issue_date = {August 2021},
publisher = {Association for Computing Machinery},
address = {New York, NY, USA},
volume = {40},
number = {4},
issn = {0730-0301},
doi = {10.1145/3450626.3459850},
journal = {ACM TOG},
month = jul,
articleno = {143},
numpages = {17},
keywords = {disentanglement, full-body avatars}
}

@inproceedings{Oleg2009digital_emily,
author = {Alexander, Oleg and Rogers, Mike and Lambeth, William and Chiang, Matt and Debevec, Paul},
title = {The Digital Emily Project: Photoreal Facial Modeling and Animation},
year = {2009},
isbn = {9781450379380},
publisher = {Association for Computing Machinery},
address = {New York, NY, USA},
doi = {10.1145/1667239.1667251},
booktitle = {ACM SIGGRAPH 2009 Courses},
articleno = {12},
numpages = {15},
location = {New Orleans, Louisiana},
series = {SIGGRAPH '09}
}

@InProceedings{He2021archplusplus,
    author    = {He, Tong and Xu, Yuanlu and Saito, Shunsuke and Soatto, Stefano and Tung, Tony},
    title     = {ARCH++: Animation-Ready Clothed Human Reconstruction Revisited},
    booktitle = {ICCV},
    year      = {2021}
}

@inproceedings{deng2021deformed,
	title={Deformed Implicit Field: Modeling 3D Shapes with Learned Dense Correspondence},
	author={Yu Deng and Jiaolong Yang and Xin Tong},
    booktitle={CVPR},
    year={2021}
}

@inproceedings{sitzmann2019deepvoxels,
author = {Sitzmann, Vincent
          and Thies, Justus
          and Heide, Felix
          and Nie{\ss}ner, Matthias
          and Wetzstein, Gordon
          and Zollh{\"o}fer, Michael},
title = {DeepVoxels: Learning Persistent 3D Feature Embeddings},
booktitle = {CVPR},
year={2019}
}

@inproceedings{sitzmann2019srns,
author = {Sitzmann, Vincent
          and Zollh{\"o}fer, Michael
          and Wetzstein, Gordon},
title = {Scene Representation Networks: Continuous 3D-Structure-Aware Neural Scene Representations},
booktitle = {NeurIPS},
year={2019}
}

@inproceedings{mildenhall2020nerf,
 title={NeRF: Representing Scenes as Neural Radiance Fields for View Synthesis},
 author={Ben Mildenhall and Pratul P. Srinivasan and Matthew Tancik and Jonathan T. Barron and Ravi Ramamoorthi and Ren Ng},
 year={2020},
 booktitle={ECCV},
}

@article{liu2020nsvf,
  title={Neural Sparse Voxel Fields},
  author={Liu, Lingjie and Gu, Jiatao and Lin, Kyaw Zaw and Chua, Tat-Seng and Theobalt, Christian},
  journal={NeurIPS},
  year={2020}
}



@inproceedings{reiser2021kilonerf,
  author    = {Christian Reiser and
               Songyou Peng and
               Yiyi Liao and
               Andreas Geiger},
  title     = {KiloNeRF: Speeding up Neural Radiance Fields with Thousands of Tiny
               MLPs},
  booktitle = {ICCV},
  year      = {2021}
}


@inproceedings{yu2021plenoctrees,
  author    = {Alex Yu and
               Ruilong Li and
               Matthew Tancik and
               Hao Li and
               Ren Ng and
               Angjoo Kanazawa},
  title     = {PlenOctrees for Real-time Rendering of Neural Radiance Fields},
  booktitle = {ICCV},
  year      = {2021}
}


@inproceedings{Garbin21arxiv_FastNeRF,
  author    = {Stephan J. Garbin and
               Marek Kowalski and
               Matthew Johnson and
               Jamie Shotton and
               Julien P. C. Valentin},
  title     = {FastNeRF: High-Fidelity Neural Rendering at 200FPS},
  booktitle = {ICCV},
  year      = {2021}
}

@inproceedings{MartinBrualla20arxiv_nerfw,
  author    = {Ricardo Martin{-}Brualla and
               Noha Radwan and
               Mehdi S. M. Sajjadi and
               Jonathan T. Barron and
               Alexey Dosovitskiy and
               Daniel Duckworth},
  title     = {NeRF in the Wild: Neural Radiance Fields for Unconstrained Photo Collections},
  booktitle = {CVPR},
  year      = {2021}
}


@article{Zhang20arxiv_nerf++,
  author    = {Kai Zhang and
               Gernot Riegler and
               Noah Snavely and
               Vladlen Koltun},
  title     = {NeRF++: Analyzing and Improving Neural Radiance Fields},
  journal   = {CoRR},
  volume    = {abs/2010.07492},
  year      = {2020}
}

@inproceedings{Park20arxiv_nerfies,
  author    = {Keunhong Park and
               Utkarsh Sinha and
               Jonathan T. Barron and
               Sofien Bouaziz and
               Dan B. Goldman and
               Steven M. Seitz and
               Ricardo Martin{-}Brualla},
  title     = {Nerfies: Deformable Neural Radiance Fields},
  booktitle = {ICCV},
  year      = {2021}
}


@inproceedings{Pumarola20arxiv_D_NeRF,
  author    = {Albert Pumarola and
               Enric Corona and
               Gerard Pons{-}Moll and
               Francesc Moreno{-}Noguer},
  title     = {D-NeRF: Neural Radiance Fields for Dynamic Scenes},
  booktitle = {CVPR},
  year      = {2021}
}

@inproceedings{Gafni20arxiv_DNRF,
  author    = {Guy Gafni and
               Justus Thies and
               Michael Zollh{\"{o}}fer and
               Matthias Nie{\ss}ner},
  title     = {Dynamic Neural Radiance Fields for Monocular 4D Facial Avatar Reconstruction},
  booktitle = {CVPR},
  year      = {2021}
}



@article{Tretschk20arxiv_NR-NeRF,
  author    = {Edgar Tretschk and
               Ayush Tewari and
               Vladislav Golyanik and
               Michael Zollh{\"{o}}fer and
               Christoph Lassner and
               Christian Theobalt},
  title     = {Non-Rigid Neural Radiance Fields: Reconstruction and Novel View Synthesis
               of a Deforming Scene from Monocular Video},
  journal   = {CoRR},
  volume    = {abs/2012.12247},
  year      = {2020}
}

@inproceedings{Li20arxiv_nsff,
  author    = {Zhengqi Li and
               Simon Niklaus and
               Noah Snavely and
               Oliver Wang},
  title     = {Neural Scene Flow Fields for Space-Time View Synthesis of Dynamic
               Scenes},
  booktitle = {CVPR},
  year      = {2021}
}

@inproceedings{Xian20arxiv_stnif,
  author    = {Wenqi Xian and
               Jia{-}Bin Huang and
               Johannes Kopf and
               Changil Kim},
  title     = {Space-Time Neural Irradiance Fields for Free-Viewpoint Video},
  booktitle = {CVPR},
  year      = {2021}
}

@article{Du20arxiv_nerflow,
    Archiveprefix = {arXiv},
    Author = {Yilun Du and Yinan Zhang and Hong-Xing Yu and Joshua B. Tenenbaum and Jiajun Wu},
    Journal = {arXiv preprint arXiv:2012.09790},
    Title = {Neural Radiance Flow for {4D} View Synthesis and Video Processing},
    Year = {2020}
}

@inproceedings{Gao-freeviewvideo,
  author    = {Chen Gao and
               Ayush Saraf and
               Johannes Kopf and
               Jia{-}Bin Huang},
  title     = {Dynamic View Synthesis from Dynamic Monocular Video},
  booktitle = {ICCV},
  year      = {2021}
}

@article{li2021neural3dvideo,
  author    = {Tianye Li and
               Mira Slavcheva and
               Michael Zollh{\"{o}}fer and
               Simon Green and
               Christoph Lassner and
               Changil Kim and
               Tanner Schmidt and
               Steven Lovegrove and
               Michael Goesele and
               Zhaoyang Lv},
  title     = {Neural 3D Video Synthesis},
  journal   = {CoRR},
  volume    = {abs/2103.02597},
  year      = {2021}
}

@article{thies2019deferred,
  author = {Thies, Justus and Zollh{\"o}fer, Michael and Nie{\ss}ner, Matthias},
  title = {Deferred Neural Rendering: Image Synthesis using Neural Textures},
  journal={ACM TOG},
  year={2019}
}


@inproceedings{noguchi2021narf,
  author    = {Atsuhiro Noguchi and
               Xiao Sun and
               Stephen Lin and
               Tatsuya Harada},
  title     = {Neural Articulated Radiance Field},
  booktitle = {ICCV},
  year      = {2021}
}


@article{Romero2017MANO,
author = {Romero, Javier and Tzionas, Dimitrios and Black, Michael J.},
title = {Embodied Hands: Modeling and Capturing Hands and Bodies Together},
year = {2017},
issue_date = {November 2017},
publisher = {Association for Computing Machinery},
address = {New York, NY, USA},
volume = {36},
number = {6},
issn = {0730-0301},
doi = {10.1145/3130800.3130883},
journal = {ACM TOG},
month = nov,
articleno = {245},
numpages = {17},
keywords = {performance capture, 3D shape, motion capture, learning, human body shape, hands}
}

@InProceedings{Moon_2020_ECCV_DeepHandMesh,  
author = {Moon, Gyeongsik and Shiratori, Takaaki and Lee, Kyoung Mu},  
title = {DeepHandMesh: A Weakly-supervised Deep Encoder-Decoder Framework for High-fidelity Hand Mesh Modeling},  
booktitle = {ECCV},  
year = {2020}  
}  

@inproceedings{STAR:2020,
      author = {Osman, Ahmed A A and Bolkart, Timo and Black, Michael J.},
      title = {{STAR}: A Sparse Trained Articulated Human Body Regressor},
      booktitle = {ECCV},
      year = {2020},
}    

@inproceedings{SMPL-X:2019,
  title = {Expressive Body Capture: 3D Hands, Face, and Body from a Single Image},
  author = {Pavlakos, Georgios and Choutas, Vasileios and Ghorbani, Nima and Bolkart, Timo and Osman, Ahmed A. A. and Tzionas, Dimitrios and Black, Michael J.},
  booktitle = {CVPR},
  year = {2019}
}

@inproceedings{TotalCapture2018,
title = {Total Capture: A 3D Deformation Model for Tracking Faces, Hands, and Bodies},
author = {Joo, Hanbyul and Simon, Tomas and Sheikh, Yaser},
booktitle = {CVPR},
year = {2018}
}

@article{FLAME:SiggraphAsia2017, 
  title = {Learning a model of facial shape and expression from {4D} scans}, 
  author = {Li, Tianye and Bolkart, Timo and Black, Michael. J. and Li, Hao and Romero, Javier}, 
  journal = {ACM TOG (SIGGRAPH Asia)}, 
  volume = {36}, 
  number = {6}, 
  year = {2017}, 
  pages = {194:1--194:17},
  url = {https://doi.org/10.1145/3130800.3130813} 
}

@article{Stoll2010Videobased,
author = {Stoll, Carsten and Gall, Juergen and de Aguiar, Edilson and Thrun, Sebastian and Theobalt, Christian},
title = {Video-Based Reconstruction of Animatable Human Characters},
year = {2010},
issue_date = {December 2010},
publisher = {Association for Computing Machinery},
address = {New York, NY, USA},
volume = {29},
number = {6},
issn = {0730-0301},
url = {https://doi.org/10.1145/1882261.1866161},
doi = {10.1145/1882261.1866161},
journal = {ACM TOG},
month = dec,
articleno = {139},
numpages = {10},
keywords = {multi-view reconstruction, performance capture, game characters, markerless motion capture}
}

@article{liu2020NeuralHumanRendering,
author = {Liu, Lingjie and Xu, Weipeng and Habermann, Marc and Zollhöfer, Michael and Bernard, Florian and Kim, Hyeongwoo and Wang, Wenping and Theobalt, Christian},
year = {2020},
month = {05},
pages = {1-1},
title = {Neural Human Video Rendering by Learning Dynamic Textures and Rendering-to-Video Translation},
volume = {PP},
journal = {IEEE TVCG},
doi = {10.1109/TVCG.2020.2996594}
}


@article{Liu2018Neural,
  author    = {Lingjie Liu and
               Weipeng Xu and
               Michael Zollh{\"{o}}fer and
               Hyeongwoo Kim and
               Florian Bernard and
               Marc Habermann and
               Wenping Wang and
               Christian Theobalt},
  title     = {Neural Rendering and Reenactment of Human Actor Videos},
  journal   = {{ACM} TOG},
  volume    = {38},
  number    = {5},
  pages     = {139:1--139:14},
  year      = {2019}
}

@article{DRAPE2012,
  title = {{DRAPE: DRessing Any PErson}},
  author = {Guan, P. and Reiss, L. and Hirshberg, D. and Weiss, A. and Black, M. J.},
  journal = {ACM TOG (Proc. SIGGRAPH)},
  volume = {31},
  number = {4},
  pages = {35:1--35:10},
  month = jul,
  year = {2012},
  doi = {},
  month_numeric = {7}
}

@inproceedings{CAPE:CVPR:20,
  title = {{Learning to Dress 3D People in Generative Clothing}},
  author = {Ma, Qianli and Yang, Jinlong and Ranjan, Anurag and Pujades, Sergi and Pons-Moll, Gerard and Tang, Siyu and Black, Michael J.},
  booktitle = {CVPR},
  year = {2020}
}

@inproceedings{Ma:SCALE:2021,
  title = {{SCALE}: Modeling Clothed Humans with a Surface Codec of Articulated Local Elements},
  author = {Ma, Qianli and Saito, Shunsuke and Yang, Jinlong and Tang, Siyu and Black, Michael J.},
  booktitle = {CVPR},
  year = {2021}
 }


@inproceedings{Ma:POP:2021,
  title = {The Power of Points for Modeling Humans in Clothing},
  author = {Ma, Qianli and Yang, Jinlong and Tang, Siyu and Black, Michael J.},
  booktitle = {ICCV},
  year = {2021}
}

@inproceedings{Saito:SCANimate:2021,
  title = {{SCANimate}: Weakly Supervised Learning of Skinned Clothed Avatar Networks},
  author = {Saito, Shunsuke and Yang, Jinlong and Ma, Qianli and Black, Michael J.},
  booktitle = {CVPR},
  year = {2021}
}


@InProceedings{Shysheya2019TNR,
author = {Shysheya, Aliaksandra and Zakharov, Egor and Aliev, Kara-Ali and Bashirov, Renat and Burkov, Egor and Iskakov, Karim and Ivakhnenko, Aleksei and Malkov, Yury and Pasechnik, Igor and Ulyanov, Dmitry and Vakhitov, Alexander and Lempitsky, Victor},
title = {Textured Neural Avatars},
booktitle = {CVPR },
year = {2019}
}


@inproceedings{kingma2014vae,
  author    = {Diederik P. Kingma and
               Max Welling},
  title     = {Auto-Encoding Variational Bayes},
  booktitle = {ICLR},
  year      = {2014}
}

@inproceedings{Sohn2015cvae,
 author = {Sohn, Kihyuk and Lee, Honglak and Yan, Xinchen},
 booktitle = {NIPS},
 title = {Learning Structured Output Representation using Deep Conditional Generative Models},
 year = {2015}
}

@inproceedings{caoHMP2020,
  author = {Zhe Cao and
  Hang Gao and
  Karttikeya Mangalam and
  Qizhi Cai and
  Minh Vo and
  Jitendra Malik},
  title = {Long-term human motion prediction with scene context},
  booktitle = ECCV, 
  year = {2020},
  }
  
@article{rmetric2009,
author = {Huynh, Du},
year = {2009},
month = {10},
pages = {155-164},
title = {Metrics for 3D Rotations: Comparison and Analysis},
volume = {35},
journal = {Journal of Mathematical Imaging and Vision},
doi = {10.1007/s10851-009-0161-2}
}

@inproceedings{tancik2020fourfeat,
    title={Fourier Features Let Networks Learn High Frequency Functions in Low Dimensional Domains},
    author={Matthew Tancik and Pratul P. Srinivasan and Ben Mildenhall and Sara Fridovich-Keil and Nithin Raghavan and Utkarsh Singhal and Ravi Ramamoorthi and Jonathan T. Barron and Ren Ng},
    booktitle={NeurIPS},
    year={2020}
}


@inproceedings{BGMv2,
  author    = {Shanchuan Lin and
               Andrey Ryabtsev and
               Soumyadip Sengupta and
               Brian L. Curless and
               Steven M. Seitz and
               Ira Kemelmacher{-}Shlizerman},
  title     = {Real-Time High-Resolution Background Matting},
  booktitle = {CVPR},
  year      = {2021}
}

@inproceedings{Genova2020Local,
  author    = {Kyle Genova and
               Forrester Cole and
               Avneesh Sud and
               Aaron Sarna and
               Thomas A. Funkhouser},
  title     = {Local Deep Implicit Functions for 3D Shape},
  booktitle = {CVPR},
  year      = {2020}
}

@inproceedings{Bozic2021NeuralDeformationGraph,
  author    = {Aljaz Bozic and
               Pablo R. Palafox and
               Michael Zollh{\"{o}}fer and
               Justus Thies and
               Angela Dai and
               Matthias Nie{\ss}ner},
  title     = {Neural Deformation Graphs for Globally-Consistent Non-Rigid Reconstruction},
  booktitle = {CVPR},
  year      = {2021}
}

@inproceedings{deng2019NASA,
    title = {NASA: Neural Articulated Shape Approximation},
    author = {Deng, Boyang and Lewis, JP and Jeruzalski, Timothy and Pons-Moll, Gerard and Hinton, Geoffrey and Norouzi, Mohammad and Tagliasacchi, Andrea},
    booktitle = {ECCV},
    year = {2020},
}

@inproceedings{Xiang2020MonoClothCap,
  author    = {Donglai Xiang and
               Fabian Prada and
               Chenglei Wu and
               Jessica K. Hodgins},
  title     = {MonoClothCap: Towards Temporally Coherent Clothing Capture from Monocular
               {RGB} Video},
  booktitle = {3DV},
  year      = {2020}
}

@article{Lombardi2021MVP,
  author    = {Stephen Lombardi and
               Tomas Simon and
               Gabriel Schwartz and
               Michael Zollh{\"{o}}fer and
               Yaser Sheikh and
               Jason M. Saragih},
  title     = {Mixture of volumetric primitives for efficient neural rendering},
  journal   = {{ACM} TOG},
  volume    = {40},
  number    = {4},
  pages     = {59:1--59:13},
  year      = {2021}
}

@article{Xiang2021ModelingClothing,
author = {Xiang, Donglai and Prada, Fabian and Bagautdinov, Timur and Xu, Weipeng and Dong, Yuan and Wen, He and Hodgins, Jessica and Wu, Chenglei},
title = {Modeling Clothing as a Separate Layer for an Animatable Human Avatar},
year = {2021},
volume = {40},
number = {6},
journal = {ACM TOG},
}

@inproceedings{shao2022doublefield,
author = {Shao, Ruizhi and Zhang, Hongwen and Zhang, He and Chen, Mingjia and Cao, Yanpei and Yu, Tao and Liu, Yebin},
title = {DoubleField: Bridging the Neural Surface and Radiance Fields for High-fidelity Human Reconstruction and Rendering},
booktitle = {CVPR},
year = {2022}
}

@inproceedings{kwon2021neural,
  title={Neural human performer: Learning generalizable radiance fields for human performance rendering},
  author={Kwon, Youngjoong and Kim, Dahun and Ceylan, Duygu and Fuchs, Henry},
  booktitle={Advances in Neural Information Processing Systems},
  year={2021}
}