@inproceedings{InstagramNet,
  title={Exploring the limits of weakly supervised pretraining},
  author={Mahajan, Dhruv and Girshick, Ross and Ramanathan, Vignesh and He, Kaiming and Paluri, Manohar and Li, Yixuan and Bharambe, Ashwin and van der Maaten, Laurens},
  booktitle={Proceedings of the European Conference on Computer Vision (ECCV)},
  pages={181--196},
  year={2018}
}

@article{ImageNet,
Author = {Olga Russakovsky and Jia Deng and Hao Su and Jonathan Krause and Sanjeev Satheesh and Sean Ma and Zhiheng Huang and Andrej Karpathy and Aditya Khosla and Michael Bernstein and Alexander C. Berg and Li Fei-Fei},
Title = {ImageNet Large Scale Visual Recognition Challenge},
Year = {2015},
journal = {International Journal of Computer Vision},
volume={115},
number={3},
pages={211-252}
}

@article{Lenet,
  title={Gradient-based learning applied to document recognition},
  author={LeCun, Yann and Bottou, L{\'e}on and Bengio, Yoshua and Haffner, Patrick},
  journal={Proceedings of the IEEE},
  volume={86},
  number={11},
  pages={2278--2324},
  year={1998},
}

@inproceedings{alexnet,
 author={Krizhevsky, Alex and Sutskever, Ilya and Hinton, Geoffrey E},
 title = {ImageNet Classification with Deep Convolutional Neural Networks},
 booktitle  = {NIPS},
 year = 2012
}

@inproceedings{resnet,
  title = {Deep Residual Learning for Image Recognition},
  author={He, Kaiming and Zhang, Xiangyu and Ren, Shaoqing and Sun, Jian},
  booktitle = {CVPR},
  year = {2016}
}

@inproceedings{shakeshake,
  title = {Shake-Shake regularization},
  author={Gastaldi, Xavier},
  booktitle = {arXiv:1705.07485},
  year = {2017}
}

@inproceedings{VGG,
  title={Very deep convolutional networks for large-scale image recognition},
  author={Simonyan, Karen and Zisserman, Andrew},
  booktitle={ICLR},
  year={2015}
}


@inproceedings{Inceptionv3,
  title={Rethinking the inception architecture for computer vision},
  author={Szegedy, Christian and Vanhoucke, Vincent and Ioffe, Sergey and Shlens, Jon and Wojna, Zbigniew},
  booktitle={CVPR},
  year={2016}
}

@inproceedings{stochasticdepth,
  title={Deep networks with stochastic depth},
  author={Huang, Gao and Sun, Yu and Liu, Zhuang and Sedra, Daniel and Weinberger, Kilian},
  booktitle={ECCV},
  year={2016}
}

@inproceedings{BN,
  title={Batch Normalization: Accelerating Deep Network Training by Reducing Internal Covariate Shift},
  author={Ioffe, Sergey and Szegedy, Christian},
  booktitle={ICML},
  year={2015}
}

@Inproceedings{NiN,
 author = {Min Lin and Qiang Chen and Shuicheng Yan},
 title = {Network In Network},
 booktitle  = {ICLR},
 year = 2014
}


@Inproceedings{ReLU,
 author={Nair, Vinod and Hinton, Geoffrey E},
 title = {Rectified Linear Units Improve Restricted Boltzmann Machines},
 booktitle  = {ICML},
 year = 2010
}

@inproceedings{szegedy2016rethinking_labelsm,
  title={Rethinking the inception architecture for computer vision},
  author={Szegedy, Christian and Vanhoucke, Vincent and Ioffe, Sergey and Shlens, Jon and Wojna, Zbigniew},
  booktitle={Proceedings of the IEEE conference on computer vision and pattern recognition},
  pages={2818--2826},
  year={2016}
}

@article{yamada2018shakedrop,
  title={ShakeDrop Regularization for Deep Residual Learning},
  author={Yamada, Yoshihiro and Iwamura, Masakazu and Akiba, Takuya and Kise, Koichi},
  journal={arXiv preprint arXiv:1802.02375},
  year={2018}
}

@article{devries2017cutout,
  title={Improved regularization of convolutional neural networks with cutout},
  author={DeVries, Terrance and Taylor, Graham W},
  journal={arXiv preprint arXiv:1708.04552},
  year={2017}
}

@inproceedings{ghiasi2018dropblock,
  title={DropBlock: A regularization method for convolutional networks},
  author={Ghiasi, Golnaz and Lin, Tsung-Yi and Le, Quoc V},
  booktitle={Advances in Neural Information Processing Systems},
  pages={10750--10760},
  year={2018}
}

@article{zhong2017randomerase,
  title={Random erasing data augmentation},
  author={Zhong, Zhun and Zheng, Liang and Kang, Guoliang and Li, Shaozi and Yang, Yi},
  journal={arXiv preprint arXiv:1708.04896},
  year={2017}
}

@inproceedings{singh2017hide,
  title={Hide-and-seek: Forcing a network to be meticulous for weakly-supervised object and action localization},
  author={Singh, Krishna Kumar and Lee, Yong Jae},
  booktitle={2017 IEEE International Conference on Computer Vision (ICCV)},
  pages={3544--3553},
  year={2017},
  organization={IEEE}
}

@article{zhang2017mixup,
  title={mixup: Beyond empirical risk minimization},
  author={Zhang, Hongyi and Cisse, Moustapha and Dauphin, Yann N and Lopez-Paz, David},
  journal={arXiv preprint arXiv:1710.09412},
  year={2017}
}


@inproceedings{zhou2016CAM,
  title={Learning deep features for discriminative localization},
  author={Zhou, Bolei and Khosla, Aditya and Lapedriza, Agata and Oliva, Aude and Torralba, Antonio},
  booktitle={Proceedings of the IEEE conference on computer vision and pattern recognition},
  pages={2921--2929},
  year={2016}
}


@article{paszke2017automatic,
  title={Automatic differentiation in PyTorch},
  author={Paszke, Adam and Gross, Sam and Chintala, Soumith and Chanan, Gregory and Yang, Edward and DeVito, Zachary and Lin, Zeming and Desmaison, Alban and Antiga, Luca and Lerer, Adam},
  year={2017}
}

@article{nsml,
  author    = {Hanjoo Kim and
               Minkyu Kim and
               Dongjoo Seo and
               Jinwoong Kim and
               Heungseok Park and
               Soeun Park and
               Hyunwoo Jo and
               KyungHyun Kim and
               Youngil Yang and
               Youngkwan Kim and
               Nako Sung and
               Jung{-}Woo Ha},
  title     = {{NSML:} Meet the MLaaS platform with a real-world case study},
  journal   = {CoRR},
  volume    = {abs/1810.09957},
  year      = {2018},
}

@inproceedings{choe2019attention,
  title={Attention-Based Dropout Layer for Weakly Supervised Object Localization},
  author={Choe, Junsuk and Shim, Hyunjung},
  booktitle={Proceedings of the IEEE Conference on Computer Vision and Pattern Recognition},
  pages={2219--2228},
  year={2019}
}

%  video classification
@inproceedings{tran2015learning_spatiotemporal,
  title={Learning spatiotemporal features with 3d convolutional networks},
  author={Tran, Du and Bourdev, Lubomir and Fergus, Rob and Torresani, Lorenzo and Paluri, Manohar},
  booktitle={Proceedings of the IEEE international conference on computer vision},
  pages={4489--4497},
  year={2015}
}

@inproceedings{hara2018can_spatiotemporal,
  title={Can spatiotemporal 3d cnns retrace the history of 2d cnns and imagenet?},
  author={Hara, Kensho and Kataoka, Hirokatsu and Satoh, Yutaka},
  booktitle={Proceedings of the IEEE conference on Computer Vision and Pattern Recognition},
  pages={6546--6555},
  year={2018}
}

@inproceedings{carreira2017quo,
  title={Quo vadis, action recognition? a new model and the kinetics dataset},
  author={Carreira, Joao and Zisserman, Andrew},
  booktitle={proceedings of the IEEE Conference on Computer Vision and Pattern Recognition},
  pages={6299--6308},
  year={2017}
}

@inproceedings{tran2019CSN,
  title={Video classification with channel-separated convolutional networks},
  author={Tran, Du and Wang, Heng and Torresani, Lorenzo and Feiszli, Matt},
  booktitle={Proceedings of the IEEE International Conference on Computer Vision},
  pages={5552--5561},
  year={2019}
}

@inproceedings{feichtenhofer2019slowfast,
  title={Slowfast networks for video recognition},
  author={Feichtenhofer, Christoph and Fan, Haoqi and Malik, Jitendra and He, Kaiming},
  booktitle={Proceedings of the IEEE International Conference on Computer Vision},
  pages={6202--6211},
  year={2019}
}

@article{kinetics,
  title={The kinetics human action video dataset},
  author={Kay, Will and Carreira, Joao and Simonyan, Karen and Zhang, Brian and Hillier, Chloe and Vijayanarasimhan, Sudheendra and Viola, Fabio and Green, Tim and Back, Trevor and Natsev, Paul and others},
  journal={arXiv preprint arXiv:1705.06950},
  year={2017}
}

@inproceedings{sports1M,
  title     = {Large-scale Video Classification with Convolutional Neural Networks},
  author    = {Andrej Karpathy and George Toderici and Sanketh Shetty and Thomas Leung and Rahul Sukthankar and Li Fei-Fei},
  year      = {2014},
  booktitle={Proceedings of the IEEE International Conference on Computer Vision}
}

@inproceedings{minikinetics,
  title={Rethinking spatiotemporal feature learning: Speed-accuracy trade-offs in video classification},
  author={Xie, Saining and Sun, Chen and Huang, Jonathan and Tu, Zhuowen and Murphy, Kevin},
  booktitle={Proceedings of the European Conference on Computer Vision (ECCV)},
  pages={305--321},
  year={2018}
}

@inproceedings{autoaugment,
  title={Autoaugment: Learning augmentation strategies from data},
  author={Cubuk, Ekin D and Zoph, Barret and Mane, Dandelion and Vasudevan, Vijay and Le, Quoc V},
  booktitle={Proceedings of the IEEE conference on computer vision and pattern recognition},
  pages={113--123},
  year={2019}
}

@article{randaugment,
  title={RandAugment: Practical data augmentation with no separate search},
  author={Cubuk, Ekin D and Zoph, Barret and Shlens, Jonathon and Le, Quoc V},
  journal={arXiv preprint arXiv:1909.13719},
  year={2019}
}

@inproceedings{cutmix,
  title={Cutmix: Regularization strategy to train strong classifiers with localizable features},
  author={Yun, Sangdoo and Han, Dongyoon and Oh, Seong Joon and Chun, Sanghyuk and Choe, Junsuk and Yoo, Youngjoon},
  booktitle={Proceedings of the IEEE International Conference on Computer Vision},
  pages={6023--6032},
  year={2019}
}

@inproceedings{gu2018ava,
  title={Ava: A video dataset of spatio-temporally localized atomic visual actions},
  author={Gu, Chunhui and Sun, Chen and Ross, David A and Vondrick, Carl and Pantofaru, Caroline and Li, Yeqing and Vijayanarasimhan, Sudheendra and Toderici, George and Ricco, Susanna and Sukthankar, Rahul and others},
  booktitle={Proceedings of the IEEE Conference on Computer Vision and Pattern Recognition},
  pages={6047--6056},
  year={2018}
}

@misc{THUMOS14,
   author = "Jiang, Y.-G. and Liu, J. and Roshan Zamir, A. and Toderici, G. and Laptev,
   I. and Shah, M. and Sukthankar, R.",
   title = "{THUMOS} Challenge: Action Recognition with a Large
   Number of Classes",
   howpublished = "\url{http://crcv.ucf.edu/THUMOS14/}",
   Year = {2014}}
   
@inproceedings{sun2018actor,
  title={Actor-centric relation network},
  author={Sun, Chen and Shrivastava, Abhinav and Vondrick, Carl and Murphy, Kevin and Sukthankar, Rahul and Schmid, Cordelia},
  booktitle={Proceedings of the European Conference on Computer Vision (ECCV)},
  pages={318--334},
  year={2018}
}

@inproceedings{he2017mask,
  title={Mask r-cnn},
  author={He, Kaiming and Gkioxari, Georgia and Doll{\'a}r, Piotr and Girshick, Ross},
  booktitle={Proceedings of the IEEE international conference on computer vision},
  pages={2961--2969},
  year={2017}
}

@inproceedings{ren2015faster,
  title={Faster r-cnn: Towards real-time object detection with region proposal networks},
  author={Ren, Shaoqing and He, Kaiming and Girshick, Ross and Sun, Jian},
  booktitle={Advances in neural information processing systems},
  pages={91--99},
  year={2015}
}

@inproceedings{goyal2017something,
  title={The" Something Something" Video Database for Learning and Evaluating Visual Common Sense.},
  author={Goyal, Raghav and Kahou, Samira Ebrahimi and Michalski, Vincent and Materzynska, Joanna and Westphal, Susanne and Kim, Heuna and Haenel, Valentin and Fruend, Ingo and Yianilos, Peter and Mueller-Freitag, Moritz and others},
  booktitle={ICCV},
  volume={1},
  number={4},
  pages={5},
  year={2017}
}

@inproceedings{lee2020bas,
  title={Background Suppression Network for Weakly-supervised Temporal Action Localization},
  author={Lee, Pilhyeon and Uh, Youngjung and Byun, Hyeran},
  booktitle={AAAI},
  year={2020}
}

@inproceedings{simonyan2014two,
  title={Two-stream convolutional networks for action recognition in videos},
  author={Simonyan, Karen and Zisserman, Andrew},
  booktitle={Advances in neural information processing systems},
  pages={568--576},
  year={2014}
}

@inproceedings{feichtenhofer2016convolutional,
  title={Convolutional two-stream network fusion for video action recognition},
  author={Feichtenhofer, Christoph and Pinz, Axel and Zisserman, Andrew},
  booktitle={Proceedings of the IEEE conference on computer vision and pattern recognition},
  pages={1933--1941},
  year={2016}
}

@article{wang2015towards,
  title={Towards good practices for very deep two-stream convnets},
  author={Wang, Limin and Xiong, Yuanjun and Wang, Zhe and Qiao, Yu},
  journal={arXiv preprint arXiv:1507.02159},
  year={2015}
}

@inproceedings{nguyen2018weakly,
  title={Weakly supervised action localization by sparse temporal pooling network},
  author={Nguyen, Phuc and Liu, Ting and Prasad, Gautam and Han, Bohyung},
  booktitle={Proceedings of the IEEE Conference on Computer Vision and Pattern Recognition},
  pages={6752--6761},
  year={2018}
}

@inproceedings{shou2018autoloc,
  title={Autoloc: Weakly-supervised temporal action localization in untrimmed videos},
  author={Shou, Zheng and Gao, Hang and Zhang, Lei and Miyazawa, Kazuyuki and Chang, Shih-Fu},
  booktitle={Proceedings of the European Conference on Computer Vision (ECCV)},
  pages={154--171},
  year={2018}
}


@inproceedings{KarpathyCVPR14,
  title     = {Large-scale Video Classification with Convolutional Neural Networks},
  author    = {Andrej Karpathy and George Toderici and Sanketh Shetty and Thomas Leung and Rahul Sukthankar and Li Fei-Fei},
  year      = {2014},
  booktitle = {CVPR}
}

@inproceedings{wang2018non,
  title={Non-local neural networks},
  author={Wang, Xiaolong and Girshick, Ross and Gupta, Abhinav and He, Kaiming},
  booktitle={Proceedings of the IEEE conference on computer vision and pattern recognition},
  pages={7794--7803},
  year={2018}
}

@inproceedings{li2019repair,
  title={Repair: Removing representation bias by dataset resampling},
  author={Li, Yi and Vasconcelos, Nuno},
  booktitle={Proceedings of the IEEE Conference on Computer Vision and Pattern Recognition},
  pages={9572--9581},
  year={2019}
}

@article{weinzaepfel2019mimetics,
  title={Mimetics: Towards Understanding Human Actions Out of Context},
  author={Weinzaepfel, Philippe and Rogez, Gr{\'e}gory},
  journal={arXiv preprint arXiv:1912.07249},
  year={2019}
}

@article{sevilla2019only,
  title={Only Time Can Tell: Discovering Temporal Data for Temporal Modeling},
  author={Sevilla-Lara, Laura and Zha, Shengxin and Yan, Zhicheng and Goswami, Vedanuj and Feiszli, Matt and Torresani, Lorenzo},
  journal={arXiv preprint arXiv:1907.08340},
  year={2019}
}


@article{abu2016youtube,
  title={Youtube-8m: A large-scale video classification benchmark},
  author={Abu-El-Haija, Sami and Kothari, Nisarg and Lee, Joonseok and Natsev, Paul and Toderici, George and Varadarajan, Balakrishnan and Vijayanarasimhan, Sudheendra},
  journal={arXiv preprint arXiv:1609.08675},
  year={2016}
}

@misc{wu2019detectron2,
  author =       {Yuxin Wu and Alexander Kirillov and Francisco Massa and
                  Wan-Yen Lo and Ross Girshick},
  title =        {Detectron2},
  howpublished = {\url{https://github.com/facebookresearch/detectron2}},
  year =         {2019}
}

@inproceedings{xie2017resnext,
  title={Aggregated residual transformations for deep neural networks},
  author={Xie, Saining and Girshick, Ross and Doll{\'a}r, Piotr and Tu, Zhuowen and He, Kaiming},
  booktitle={Proceedings of the IEEE conference on computer vision and pattern recognition},
  pages={1492--1500},
  year={2017}
}

@inproceedings{paul2018w,
  title={W-talc: Weakly-supervised temporal activity localization and classification},
  author={Paul, Sujoy and Roy, Sourya and Roy-Chowdhury, Amit K},
  booktitle={Proceedings of the European Conference on Computer Vision (ECCV)},
  pages={563--579},
  year={2018}
}

@inproceedings{kuehne2011hmdb,
  title={HMDB: a large video database for human motion recognition},
  author={Kuehne, Hildegard and Jhuang, Hueihan and Garrote, Est{\'\i}baliz and Poggio, Tomaso and Serre, Thomas},
  booktitle={2011 International Conference on Computer Vision},
  pages={2556--2563},
  year={2011},
  organization={IEEE}
}

@article{soomro2012ucf101,
  title={UCF101: A dataset of 101 human actions classes from videos in the wild},
  author={Soomro, Khurram and Zamir, Amir Roshan and Shah, Mubarak},
  journal={arXiv preprint arXiv:1212.0402},
  year={2012}
}