@article{RCT,
  title={Treatment of obsessions: A randomized controlled trial},
  author={Whittal, Maureen L and Woody, Sheila R and McLean, Peter D and Rachman, SJ and Robichaud, Melisa},
  journal={Behaviour research and therapy},
  volume={48},
  number={4},
  pages={295--303},
  year={2010},
  publisher={Elsevier}
}

@inproceedings{uplift_modeling,
  title={A large scale benchmark for uplift modeling},
  author={Diemert, Eustache and Betlei, Artem and Renaudin, Christophe and Amini, Massih-Reza},
  booktitle={KDD},
  year={2018}
}

@article{rubin2005causal,
  title={Causal inference using potential outcomes: Design, modeling, decisions},
  author={Rubin, Donald B},
  journal={Journal of the American Statistical Association},
  volume={100},
  number={469},
  pages={322--331},
  year={2005},
  publisher={Taylor \& Francis}
}

@inproceedings{meta:Ton,
  title={Meta learning for causal direction},
  author={Ton, Jean-Fran{\c{c}}ois and Sejdinovic, Dino and Fukumizu, Kenji},
  booktitle={Proceedings of the AAAI Conference on Artificial Intelligence},
  volume={35},
  number={11},
  pages={9897--9905},
  year={2021}
}

@article{xgboost:Chen,
  title={Xgboost: extreme gradient boosting},
  author={Chen, Tianqi and He, Tong and Benesty, Michael and Khotilovich, Vadim and Tang, Yuan and Cho, Hyunsu and Chen, Kailong and Mitchell, Rory and Cano, Ignacio and Zhou, Tianyi and others},
  journal={R package version 0.4-2},
  volume={1},
  number={4},
  pages={1--4},
  year={2015}
}

@article{DML:Chernozhukov,
  title={Double/debiased/neyman machine learning of treatment effects},
  author={Chernozhukov, Victor and Chetverikov, Denis and Demirer, Mert and Duflo, Esther and Hansen, Christian and Newey, Whitney},
  journal={American Economic Review},
  volume={107},
  number={5},
  pages={261--265},
  year={2017},
  publisher={American Economic Association 2014 Broadway, Suite 305, Nashville, TN 37203}
}

@article{BIC:Neath,
  title={The Bayesian information criterion: background, derivation, and applications},
  author={Neath, Andrew A and Cavanaugh, Joseph E},
  journal={Wiley Interdisciplinary Reviews: Computational Statistics},
  volume={4},
  number={2},
  pages={199--203},
  year={2012},
  publisher={Wiley Online Library}
}

@article{hill:Selman,
  title={Hill-climbing search},
  author={Selman, Bart and Gomes, Carla P},
  journal={Encyclopedia of cognitive science},
  volume={81},
  pages={82},
  year={2006},
  publisher={Wiley}
}

@article{ML:Chen,
  title={Causalml: Python package for causal machine learning},
  author={Chen, Huigang and Harinen, Totte and Lee, Jeong-Yoon and Yung, Mike and Zhao, Zhenyu},
  journal={arXiv preprint arXiv:2002.11631},
  year={2020}
}

@article{Friedman,
  title={Multidimensional additive spline approximation},
  author={Friedman, Jerome H and Grosse, Eric and Stuetzle, Werner},
  journal={SIAM Journal on Scientific and Statistical Computing},
  volume={4},
  number={2},
  pages={291--301},
  year={1983},
  publisher={SIAM}
}

@article{PSM:Caliendo,
  title={Some practical guidance for the implementation of propensity score matching},
  author={Caliendo, Marco and Kopeinig, Sabine},
  journal={Journal of economic surveys},
  volume={22},
  number={1},
  pages={31--72},
  year={2008},
  publisher={Wiley Online Library}
}

@article{weighting:Li,
  title={Balancing covariates via propensity score weighting},
  author={Li, Fan and Morgan, Kari Lock and Zaslavsky, Alan M},
  journal={Journal of the American Statistical Association},
  volume={113},
  number={521},
  pages={390--400},
  year={2018},
  publisher={Taylor \& Francis}
}

@inproceedings{fe:Muandet,
  title={Domain generalization via invariant feature representation},
  author={Muandet, Krikamol and Balduzzi, David and Sch{\"o}lkopf, Bernhard},
  booktitle={International conference on machine learning},
  pages={10--18},
  year={2013},
  organization={PMLR}
}

@article{GCN:Zhang,
  title={Graph convolutional networks: a comprehensive review},
  author={Zhang, Si and Tong, Hanghang and Xu, Jiejun and Maciejewski, Ross},
  journal={Computational Social Networks},
  volume={6},
  number={1},
  pages={1--23},
  year={2019},
  publisher={SpringerOpen}
}

@article{IPTW:Chesnaye,
  title={An introduction to inverse probability of treatment weighting in observational research},
  author={Chesnaye, Nicholas C and Stel, Vianda S and Tripepi, Giovanni and Dekker, Friedo W and Fu, Edouard L and Zoccali, Carmine and Jager, Kitty J},
  journal={Clinical Kidney Journal},
  volume={15},
  number={1},
  pages={14--20},
  year={2022},
  publisher={Oxford University Press}
}

@inproceedings{EB:Hainmueller,
author = {Hainmueller J},
title = {{Entropy balancing for causal effects: A multivariate reweighting method to produce balanced samples in observational studies}},
booktitle = {Political analysis},
year = {2012},
pages = {20(1): 25-46}
}

@article{ARB:Athey,
  title={Approximate residual balancing},
  author={Athey, Susan and Imbens, Guido W and Wager, Stefan},
  journal={Journal of the Royal Statistical Society. Series B (Statistical Methodology)},
  volume={80},
  number={4},
  pages={597--623},
  year={2018},
  publisher={JSTOR}
}

@article{2SLS:Bollen,
  title={An alternative two stage least squares (2SLS) estimator for latent variable equations},
  author={Bollen, Kenneth A},
  journal={Psychometrika},
  volume={61},
  number={1},
  pages={109--121},
  year={1996},
  publisher={Springer}
}

@article{SITE:Yao,
  title={Representation learning for treatment effect estimation from observational data},
  author={Yao, Liuyi and Li, Sheng and Li, Yaliang and Huai, Mengdi and Gao, Jing and Zhang, Aidong},
  journal={Advances in neural information processing systems},
  volume={31},
  year={2018}
}

@article{DragonNet:Tso,
  title={DragonNet: a robust mobile internet service system for long-distance trains},
  author={Tso, Fung Po and Cui, Lin and Zhang, Lizhuo and Jia, Weijia and Yao, Di and Teng, Jin and Xuan, Dong},
  journal={IEEE transactions on mobile computing},
  volume={12},
  number={11},
  pages={2206--2218},
  year={2013},
  publisher={IEEE}
}

@article{CEVAE:Louizos,
  title={Causal effect inference with deep latent-variable models},
  author={Louizos, Christos and Shalit, Uri and Mooij, Joris M and Sontag, David and Zemel, Richard and Welling, Max},
  journal={Advances in neural information processing systems},
  volume={30},
  year={2017}
}

@article{Velickovic:2018we,
  title={Graph attention networks},
  author={Veli{\v{c}}kovi{\'c}, Petar and Cucurull, Guillem and Casanova, Arantxa and Romero, Adriana and Lio, Pietro and Bengio, Yoshua},
  journal={arXiv preprint arXiv:1710.10903},
  year={2017}
}

@article{Hamilton:2017tp,
  title={Inductive representation learning on large graphs},
  author={Hamilton, Will and Ying, Zhitao and Leskovec, Jure},
  journal={Advances in neural information processing systems},
  volume={30},
  year={2017}
}