@article{rabiner1986introduction,
  title={An introduction to hidden Markov models},
  author={Rabiner, Lawrence and Juang, Biinghwang},
  journal={ieee assp magazine},
  volume={3},
  number={1},
  pages={4--16},
  year={1986},
  publisher={IEEE}
}

@article{meila2000learning,
  title={Learning with mixtures of trees},
  author={Meila, Marina and Jordan, Michael I},
  journal={Journal of Machine Learning Research},
  volume={1},
  number={Oct},
  pages={1--48},
  year={2000}
}


@article{lloyd1982least,
  title={Least squares quantization in PCM},
  author={Lloyd, Stuart},
  journal={IEEE transactions on information theory},
  volume={28},
  number={2},
  pages={129--137},
  year={1982},
  publisher={IEEE}
}

@inproceedings{chiu-rush-2020-scaling,
    title = "Scaling Hidden {M}arkov Language Models",
    author = "Chiu, Justin  and
      Rush, Alexander",
    booktitle = "Proceedings of the 2020 Conference on Empirical Methods in Natural Language Processing (EMNLP)",
    month = nov,
    year = "2020",
    address = "Online",
    publisher = "Association for Computational Linguistics",
    url = "https://aclanthology.org/2020.emnlp-main.103",
    doi = "10.18653/v1/2020.emnlp-main.103",
    pages = "1341--1349",
}

@article{shih2021hyperspns,
  title={HyperSPNs: compact and expressive probabilistic circuits},
  author={Shih, Andy and Sadigh, Dorsa and Ermon, Stefano},
  journal={Advances in Neural Information Processing Systems},
  volume={34},
  pages={8571--8582},
  year={2021}
}

@article{darwiche2003differential,
  title={A differential approach to inference in Bayesian networks},
  author={Darwiche, Adnan},
  journal={Journal of the ACM (JACM)},
  volume={50},
  number={3},
  pages={280--305},
  year={2003},
  publisher={ACM New York, NY, USA}
}

@inproceedings{devlin2019bert,
  author    = {Jacob Devlin and
               Ming{-}Wei Chang and
               Kenton Lee and
               Kristina Toutanova},
  title     = {{BERT:} Pre-training of Deep Bidirectional Transformers for Language
               Understanding},
  booktitle = {{NAACL-HLT} {(1)}},
  publisher = {Association for Computational Linguistics},
  year      = {2019}
}

@article{merity2016pointer,
  title={Pointer sentinel mixture models},
  author={Merity, Stephen and Xiong, Caiming and Bradbury, James and Socher, Richard},
  journal={arXiv preprint arXiv:1609.07843},
  year={2016}
}

@incollection{Bengio+chapter2007,
author = {Bengio, Yoshua and LeCun, Yann},
booktitle = {Large Scale Kernel Machines},
publisher = {MIT Press},
title = {Scaling Learning Algorithms Towards {AI}},
year = {2007}
}

@article{Hinton06,
author = {Hinton, Geoffrey E. and Osindero, Simon and Teh, Yee Whye},
journal = {Neural Computation},
pages = {1527--1554},
title = {A Fast Learning Algorithm for Deep Belief Nets},
volume = {18},
year = {2006}
}

@book{goodfellow2016deep,
title={Deep learning},
author={Goodfellow, Ian and Bengio, Yoshua and Courville, Aaron and Bengio, Yoshua},
volume={1},
year={2016},
publisher={MIT Press}
}

@inproceedings{poon2011sum,
  title={Sum-product networks: A new deep architecture},
  author={Poon, Hoifung and Domingos, Pedro},
  booktitle={2011 IEEE International Conference on Computer Vision Workshops (ICCV Workshops)},
  pages={689--690},
  year={2011},
  organization={IEEE}
}

@inproceedings{marinescu2005and,
  title={AND/OR branch-and-bound for graphical models},
  author={Marinescu, Radu and Dechter, Rina},
  booktitle={IJCAI},
  pages={224--229},
  year={2005},
  organization={Citeseer}
}

@inproceedings{kisa2014probabilistic,
  title={Probabilistic sentential decision diagrams},
  author={Kisa, Doga and Van den Broeck, Guy and Choi, Arthur and Darwiche, Adnan},
  booktitle={Fourteenth International Conference on the Principles of Knowledge Representation and Reasoning},
  year={2014}
}

@article{ahmed2022semantic,
  title={Semantic Probabilistic Layers for Neuro-Symbolic Learning},
  author={Ahmed, Kareem and Teso, Stefano and Chang, Kai-Wei and Broeck, Guy Van den and Vergari, Antonio},
  journal={arXiv preprint arXiv:2206.00426},
  year={2022}
}

@inproceedings{xu2018semantic,
  author    = {Xu, Jingyi and Zhang, Zilu and Friedman, Tal and Liang, Yitao and Van den Broeck, Guy},
  title     = {A Semantic Loss Function for Deep Learning with Symbolic Knowledge},
  booktitle = {Proceedings of the 35th International Conference on Machine Learning (ICML)},
  month     = jul,
  year      = {2018},
}

@inproceedings{liu2022lossless,
  title={Lossless Compression with Probabilistic Circuits},
  author={Liu, Anji and Mandt, Stephan and Van den Broeck, Guy},
  booktitle={Proceedings of the International Conference on Learning Representations (ICLR)},
  month={apr},
  year={2022}
}

@article{peharz2016latent,
  title={On the latent variable interpretation in sum-product networks},
  author={Peharz, Robert and Gens, Robert and Pernkopf, Franz and Domingos, Pedro},
  journal={IEEE transactions on pattern analysis and machine intelligence},
  volume={39},
  number={10},
  pages={2030--2044},
  year={2016},
  publisher={IEEE}
}

@inproceedings{liu2021tractable,
  author 	= {Liu, Anji and Van den Broeck, Guy},
  title     = {Tractable Regularization of Probabilistic Circuits},
  booktitle = {Advances in Neural Information Processing Systems 35 (NeurIPS)},
  month     = {dec},
  year      = {2021}
}

@inproceedings{dang2020strudel,
  title={Strudel: Learning structured-decomposable probabilistic circuits},
  author={Dang, Meihua and Vergari, Antonio and Van den Broeck, Guy},
  booktitle={International Conference on Probabilistic Graphical Models},
  pages={137--148},
  year={2020},
  organization={PMLR}
}

@inproceedings{choi2017relaxing,
  title={On relaxing determinism in arithmetic circuits},
  author={Choi, Arthur and Darwiche, Adnan},
  booktitle={International Conference on Machine Learning},
  pages={825--833},
  year={2017},
  organization={PMLR}
}

@inproceedings{dang2021juice,
    title   = {Juice: A Julia Package for Logic and Probabilistic Circuits},
    author = {Dang, Meihua and Khosravi, Pasha and Liang, Yitao and Vergari, Antonio and Van den Broeck, Guy},
    booktitle = {Proceedings of the 35th AAAI Conference on Artificial Intelligence (Demo Track)},
    month   = {Feb},
    year    = {2021}
}

@article{moon1996expectation,
  title={The expectation-maximization algorithm},
  author={Moon, Todd K},
  journal={IEEE Signal processing magazine},
  volume={13},
  number={6},
  pages={47--60},
  year={1996},
  publisher={IEEE}
}

@article{kingma2013auto,
  title={Auto-encoding variational bayes},
  author={Kingma, Diederik P and Welling, Max},
  journal={arXiv preprint arXiv:1312.6114},
  year={2013}
}

@article{dosovitskiy2020image,
  title={An image is worth 16x16 words: Transformers for image recognition at scale},
  author={Dosovitskiy, Alexey and Beyer, Lucas and Kolesnikov, Alexander and Weissenborn, Dirk and Zhai, Xiaohua and Unterthiner, Thomas and Dehghani, Mostafa and Minderer, Matthias and Heigold, Georg and Gelly, Sylvain and others},
  journal={arXiv preprint arXiv:2010.11929},
  year={2020}
}

@inproceedings{shih2019smoothing,
  author    = {Shih, Andy and Van den Broeck, Guy and Beame, Paul and Amarilli, Antoine},
  title     = {Smoothing Structured Decomposable Circuits},
  booktitle = {Advances in Neural Information Processing Systems 32 (NeurIPS)},
  month     = {dec},
  year      = {2019}
}

@inproceedings{vergari2015simplifying,
  title={Simplifying, regularizing and strengthening sum-product network structure learning},
  author={Vergari, Antonio and Mauro, Nicola Di and Esposito, Floriana},
  booktitle={Joint European Conference on Machine Learning and Knowledge Discovery in Databases},
  pages={343--358},
  year={2015},
  organization={Springer}
}

@article{radford2019language,
  title={Language Models are Unsupervised Multitask Learners},
  author={Radford, Alec and Wu, Jeff and Child, Rewon and Luan, David and Amodei, Dario and Sutskever, Ilya},
  year={2019}
}

@inproceedings{he2022masked,
  title={Masked autoencoders are scalable vision learners},
  author={He, Kaiming and Chen, Xinlei and Xie, Saining and Li, Yanghao and Doll{\'a}r, Piotr and Girshick, Ross},
  booktitle={Proceedings of the IEEE/CVF Conference on Computer Vision and Pattern Recognition},
  pages={16000--16009},
  year={2022}
}

@inproceedings{choi2021group,
	author    = {Choi, YooJung and Dang, Meihua and Van den Broeck, Guy},
	title     = {Group Fairness by Probabilistic Modeling with Latent Fair Decisions},
    booktitle = {Proceedings of the 35th AAAI Conference on Artificial Intelligence},
    month   = {Feb},
    year    = {2021}
}

@article{choi2020probabilistic,
  author    = {Choi, YooJung and Vergari, Antonio and Van den Broeck, Guy},
  title     = {Probabilistic Circuits: A Unifying Framework for Tractable Probabilistic Models},
  month     = {oct},
  year      = {2020}
}

@article{krizhevsky2009learning,
  title={Learning multiple layers of features from tiny images},
  author={Krizhevsky, Alex and others},
  year={2009},
  publisher={Citeseer}
}

@inproceedings{deng2009imagenet,
  title={Imagenet: A large-scale hierarchical image database},
  author={Deng, Jia and Dong, Wei and Socher, Richard and Li, Li-Jia and Li, Kai and Fei-Fei, Li},
  booktitle={2009 IEEE conference on computer vision and pattern recognition},
  pages={248--255},
  year={2009},
  organization={Ieee}
}

@inproceedings{peharz2020einsum,
  title={Einsum networks: Fast and scalable learning of tractable probabilistic circuits},
  author={Peharz, Robert and Lang, Steven and Vergari, Antonio and Stelzner, Karl and Molina, Alejandro and Trapp, Martin and Van den Broeck, Guy and Kersting, Kristian and Ghahramani, Zoubin},
  booktitle={International Conference on Machine Learning},
  pages={7563--7574},
  year={2020},
  organization={PMLR}
}

@inproceedings{peharz2020random,
  title={Random sum-product networks: A simple and effective approach to probabilistic deep learning},
  author={Peharz, Robert and Vergari, Antonio and Stelzner, Karl and Molina, Alejandro and Shao, Xiaoting and Trapp, Martin and Kersting, Kristian and Ghahramani, Zoubin},
  booktitle={Uncertainty in Artificial Intelligence},
  pages={334--344},
  year={2020},
  organization={PMLR}
}

@inproceedings{hoogeboom2019integer,
  title={Integer discrete flows and lossless compression},
  author={Hoogeboom, Emiel and Peters, Jorn WT and van den Berg, Rianne and Welling, Max},
  booktitle={Proceedings of the 33rd International Conference on Neural Information Processing Systems},
  pages={12145--12155},
  year={2019}
}

@inproceedings{kingma2018glow,
  title={Glow: generative flow with invertible 1$\times$ 1 convolutions},
  author={Kingma, Diederik P and Dhariwal, Prafulla},
  booktitle={Proceedings of the 32nd International Conference on Neural Information Processing Systems},
  pages={10236--10245},
  year={2018}
}

@inproceedings{dinh2016density,
  title={Density estimation using real nvp},
  author={Dinh, Laurent and Sohl-Dickstein, Jascha and Bengio, Samy},
  booktitle={International Conference on Learning Representations},
  year={2016}
}

@inproceedings{maaloe2019biva,
  title={BIVA: a very deep hierarchy of latent variables for generative modeling},
  author={Maal{\o}e, Lars and Fraccaro, Marco and Li{\'e}vin, Valentin and Winther, Ole},
  booktitle={Proceedings of the 33rd International Conference on Neural Information Processing Systems},
  pages={6551--6562},
  year={2019}
}

@article{molina2019spflow,
  title={Spflow: An easy and extensible library for deep probabilistic learning using sum-product networks},
  author={Molina, Alejandro and Vergari, Antonio and Stelzner, Karl and Peharz, Robert and Subramani, Pranav and Di Mauro, Nicola and Poupart, Pascal and Kersting, Kristian},
  journal={arXiv preprint arXiv:1901.03704},
  year={2019}
}

@article{shao2022conditional,
  title={Conditional sum-product networks: Modular probabilistic circuits via gate functions},
  author={Shao, Xiaoting and Molina, Alejandro and Vergari, Antonio and Stelzner, Karl and Peharz, Robert and Liebig, Thomas and Kersting, Kristian},
  journal={International Journal of Approximate Reasoning},
  volume={140},
  pages={298--313},
  year={2022},
  publisher={Elsevier}
}

@inproceedings{shih2020probabilistic,
  title={Probabilistic circuits for variational inference in discrete graphical models},
  author={Shih, Andy and Ermon, Stefano},
  booktitle={Proceedings of the 34th International Conference on Neural Information Processing Systems},
  pages={4635--4646},
  year={2020}
}

@article{correia2022continuous,
  title={Continuous Mixtures of Tractable Probabilistic Models},
  author={Correia, Alvaro HC and Gala, Gennaro and Quaeghebeur, Erik and de Campos, Cassio and Peharz, Robert},
  journal={arXiv preprint arXiv:2209.10584},
  year={2022}
}

@inproceedings{liu2021swin,
  title={Swin transformer: Hierarchical vision transformer using shifted windows},
  author={Liu, Ze and Lin, Yutong and Cao, Yue and Hu, Han and Wei, Yixuan and Zhang, Zheng and Lin, Stephen and Guo, Baining},
  booktitle={Proceedings of the IEEE/CVF International Conference on Computer Vision},
  pages={10012--10022},
  year={2021}
}

@inproceedings{di2021random,
  title={Random probabilistic circuits},
  author={Di Mauro, Nicola and Gala, Gennaro and Iannotta, Marco and Basile, Teresa MA},
  booktitle={Uncertainty in Artificial Intelligence},
  pages={1682--1691},
  year={2021},
  organization={PMLR}
}

@inproceedings{gens2013learning,
  title={Learning the structure of sum-product networks},
  author={Gens, Robert and Pedro, Domingos},
  booktitle={International conference on machine learning},
  pages={873--880},
  year={2013},
  organization={PMLR}
}

@inproceedings{dang2022sparse,
  title={Sparse Probabilistic Circuits via Pruning and Growing},
  author={Dang, Meihua and Liu, Anji and Van den Broeck, Guy},
  booktitle={The 5th Workshop on Tractable Probabilistic Modeling},
  year={2022}
}

@inproceedings{rahman2014cutset,
  title={Cutset networks: A simple, tractable, and scalable approach for improving the accuracy of Chow-Liu trees},
  author={Rahman, Tahrima and Kothalkar, Prasanna and Gogate, Vibhav},
  booktitle={Joint European conference on machine learning and knowledge discovery in databases},
  pages={630--645},
  year={2014},
  organization={Springer}
}

@article{zhao2016unified,
  title={A unified approach for learning the parameters of sum-product networks},
  author={Zhao, Han and Poupart, Pascal and Gordon, Geoffrey J},
  journal={Advances in neural information processing systems},
  volume={29},
  year={2016}
}

@inproceedings{adel2015learning,
  title={Learning the Structure of Sum-Product Networks via an SVD-based Algorithm.},
  author={Adel, Tameem and Balduzzi, David and Ghodsi, Ali},
  booktitle={UAI},
  pages={32--41},
  year={2015}
}
