@inproceedings{goodfellow15,
title	= {Explaining and Harnessing Adversarial Examples},
author	= {Ian Goodfellow and Jonathon Shlens and Christian Szegedy},
year	= {2015},
month = {Jan},
pages = {1-10},
booktitle = {International Conference on Learning Representations}
}

@InProceedings{Wong18,
  title = 	 {Provable Defenses against Adversarial Examples via the Convex Outer Adversarial Polytope},
  author =  {Wong, Eric and Kolter, Zico},
  year = 	 {2018},
  pages = 	 {5286-5295},
  month = 	 {Jul},
  booktitle ={International Conference on Machine Learning},
}
@inproceedings{yang20,
 author = {Yang, Yao-Yuan and Rashtchian, Cyrus and Zhang, Hongyang and Salakhutdinov, Russ R and Chaudhuri, Kamalika},
 title = {A Closer Look at Accuracy vs. Robustness},
  year = {2020},
  pages = {8588-8601},
  month = {Dec},
booktitle = {Advances in Neural Information Processing Systems}
}

@InProceedings{lee20,
author = {Lee, Saehyung and Lee, Hyungyu and Yoon, Sungroh},
title = {Adversarial {V}ertex {M}ixup: Toward Better Adversarially Robust Generalization},
month = {Jun},
year = {2020},
 pages={272-281},
booktitle = {IEEE/CVF Conference on Computer Vision and Pattern Recognition},
}

@InProceedings{zhang20, 
title = {Attacks Which Do Not Kill Training Make Adversarial Learning Stronger}, 
author = {Zhang, Jingfeng and Xu, Xilie and Han, Bo and Niu, Gang and Cui, Lizhen and Sugiyama, Masashi and Kankanhalli, Mohan}, 
booktitle = {International Conference on Machine Learning}, 
pages = {11278-11287}, 
year = {2020}, 
month = {Jul}
}

@inproceedings{tsipras19,
title={Robustness May Be at Odds with Accuracy},
author={Dimitris Tsipras and Shibani Santurkar and Logan Engstrom and Alexander Turner and Aleksander Madry},
booktitle={International Conference on Learning Representations},
month = {May},
year={2019}
}

@inproceedings{Sanyal20,
  title={How Benign is Benign Overfitting?},
  author={Sanyal, Amartya and Dokania, Puneet K and Kanade, Varun and Torr, Philip},
  month = {Apr},
  booktitle={International Conference on Learning Representations},
  year={2020}
}

@inproceedings{schmidt18,
 author = {Schmidt, Ludwig and Santurkar, Shibani and Tsipras, Dimitris and Talwar, Kunal and Madry, Aleksander},
 booktitle = {Advances in Neural Information Processing Systems},
 title = {Adversarially Robust Generalization Requires More Data},
 year = {2018},
 pages = {5019-5031},
 month = {Dec}
}

@inproceedings{gilmer18,
      title={Adversarial Spheres}, 
      author={Justin Gilmer and Luke Metz and Fartash Faghri and Samuel S. Schoenholz and 	Maithra Raghu and Martin Wattenberg and Ian Goodfellow},
      year={2018},
      month = {May},
      booktitle={Internation Conference on Learning Representation (Workshop track proceedings)}
}

@InProceedings{Gluch20, 
title = {Constructing a provably adversarially-robust classifier from a high accuracy one}, 
author = {Gluch, Grzegorz and Urbanke, R\"udiger}, 
booktitle = {International Conference on Artificial Intelligence and Statistics}, 
pages = {3674-3684}, 
year = {2020},
month = {Aug}
}

@inproceedings{
madry18,
title={Towards Deep Learning Models Resistant to Adversarial Attacks},
author={Aleksander Madry and Aleksandar Makelov and Ludwig Schmidt and Dimitris Tsipras and Adrian Vladu},
booktitle={International Conference on Learning Representations},
year={2018},
mont = {May}
}

@article{gilmer18b,
  title={Motivating the rules of the game for adversarial example research},
  author={Gilmer, Justin and Adams, Ryan P and Goodfellow, Ian and Andersen, David and Dahl, George E},
  journal={arXiv preprint arXiv:1807.06732},
  year={2018}
}

@article{Khim18,
  title={Adversarial risk bounds via function transformation},
  author={Khim, Justin and Loh, Po-Ling},
  journal={arXiv preprint arXiv:1810.09519},
  year={2018}
}

@inproceedings{Yin19,
  title={Rademacher complexity for adversarially robust generalization},
  author={Yin, Dong and Kannan, Ramchandran and Bartlett, Peter},
  booktitle={International conference on machine learning},
  pages={7085-7094},
  year={2019},
  month = {Jun}
}

@InProceedings{zhang19, 
title = {Theoretically Principled Trade-off between Robustness and Accuracy}, 
author = {Zhang, Hongyang and Yu, Yaodong and Jiao, Jiantao and Xing, Eric and Ghaoui, Laurent El and Jordan, Michael}, 
booktitle = {International Conference on Machine Learning}, 
pages = {7472-7482}, 
year = {2019},
month = {Jun}
}

@inproceedings{ilyas19,
 author = {Ilyas, Andrew and Santurkar, Shibani and Tsipras, Dimitris and Engstrom, Logan and Tran, Brandon and Madry, Aleksander},
 booktitle = {Advances in Neural Information Processing Systems},
 pages = {125-136},
 title = {Adversarial Examples Are Not Bugs, They Are Features},
 year = {2019},
 month = {Dec}
}
@inproceedings{fan21,
      title={Adversarial Training and Provable Robustness: A Tale of Two Objectives}, 
      author={Jiameng Fan and Wenchao Li},
      booktitle = {International Conference on Artificial Intelligence},
      year={2021},
      month ={Feb},
      pages = {7367-7376}
}

@inproceedings{yang19,
  title={Invariance-inducing regularization using worst-case transformations suffices to boost accuracy and spatial robustness},
  author={Yang, Fanny and Wang, Zuowen and Heinze-Deml, Christina},
  journal={Advances in Neural Information Processing Systems},
  pages={14785-14796},
  year={2019},
  month = {Dec}
}

@article{papernot18,
  title={Technical Report on the {C}leverHans v2.1.0 Adversarial Examples Library},
  author={Nicolas Papernot and Fartash Faghri and Nicholas Carlini and
  Ian Goodfellow and Reuben Feinman and Alexey Kurakin and Cihang Xie and
  Yash Sharma and Tom Brown and Aurko Roy and Alexander Matyasko and
  Vahid Behzadan and Karen Hambardzumyan and Zhishuai Zhang and
  Yi-Lin Juang and Zhi Li and Ryan Sheatsley and Abhibhav Garg and
  Jonathan Uesato and Willi Gierke and Yinpeng Dong and David Berthelot and
  Paul Hendricks and Jonas Rauber and Rujun Long},
  journal={arXiv preprint arXiv:1610.00768},
  year={2018}
}

@inproceedings{
richardson20,
title={A {B}ayes-Optimal View on Adversarial Examples},
author={Eitan Richardson and Yair Weiss},
booktitle={International Conference on Learning Representations},
year={2020},
month = {Apr}
}

@inproceedings{
Ding19,
title={On the Sensitivity of Adversarial Robustness to Input Data Distributions},
author={Gavin Weiguang Ding and Kry Yik-Chau Lui and Xiaomeng Jin and Luyu Wang and Ruitong Huang},
booktitle={International Conference on Learning Representations},
year={2019},
month = {Apr}
}

@misc{khoury2019on,
      title={On the Geometry of Adversarial Examples}, 
      author={Marc Khoury and Dylan Hadfield-Menell},
      year={2018},
      archivePrefix={arXiv}
}

@InProceedings{Laugros19,
author = {Laugros, Alfred and Caplier, Alice and Ospici, Matthieu},
title = {Are Adversarial Robustness and Common Perturbation Robustness Independant Attributes ?},
booktitle = {International Conference on Computer Vision (Workshops)},
month = {Oct},
year = {2019}
}

@article{springer21,
  title={Adversarial Perturbations Are Not So Weird: Entanglement of Robust and Non-Robust Features in Neural Network Classifiers},
  author={Springer, Jacob M and Mitchell, Melanie and Kenyon, Garrett T},
  journal={arXiv preprint arXiv:2102.05110},
  year={2021}
}

@misc{zhang19defense,
      title={Defense Against Adversarial Attacks Using Feature Scattering-based Adversarial Training}, 
      author={Haichao Zhang and Jianyu Wang},
      year={2019},
      archivePrefix={arXiv},
}

@inproceedings{bhattacharjee20,
      title={Sample Complexity of Adversarially Robust Linear Classification on Separated Data}, 
      author={Robi Bhattacharjee and Somesh Jha and Kamalika Chaudhuri},
      year={2020},
      month = {Jun},
      pages = 	{884-893},
      booktitle = {International Conference on Machine Learning}
}

@InProceedings{stutz19,
author = {Stutz, David and Hein, Matthias and Schiele, Bernt},
title = {Disentangling Adversarial Robustness and Generalization},
booktitle = {IEEE/CVF Conference on Computer Vision and Pattern Recognition},
month = {Jun},
year = {2019},
pages = {6967-6987}
}

@InProceedings{yang21,
      title={Boundary thickness and robustness in learning models}, 
      author={Yaoqing Yang and Rajiv Khanna and Yaodong Yu and Amir Gholami and Kurt Keutzer and Joseph E. Gonzalez and Kannan Ramchandran and Michael W. Mahoney},
      year={2021},
      month = {Dec},
      booktitle = {Conference on Neural Information Processing Systems}
}

@article{dobriban20,
  title={Provable tradeoffs in adversarially robust classification},
  author={Dobriban, Edgar and Hassani, Hamed and Hong, David and Robey, Alexander},
  journal={arXiv preprint arXiv:2006.05161},
  year={2020}
}
@inproceedings{chen20,
  title={More data can expand the generalization gap between adversarially robust and standard models},
  author={Chen, Lin and Min, Yifei and Zhang, Mingrui and Karbasi, Amin},
  booktitle={International Conference on Machine Learning},
  pages={1670-1680},
  year={2020},
  month = {Jun}
}

@inproceedings{javanmard20,
  title={Precise tradeoffs in adversarial training for linear regression},
  author={Javanmard, Adel and Soltanolkotabi, Mahdi and Hassani, Hamed},
  booktitle={Conference on Learning Theory},
  pages={2034-2078},
  year={2020},
  month = {Apr}
}

@inproceedings{
zhang18,
title={mixup: Beyond Empirical Risk Minimization},
author={Hongyi Zhang and Moustapha Cisse and Yann N. Dauphin and David Lopez-Paz},
booktitle={International Conference on Learning Representations},
year={2018},
month = {May}
}

@misc{zhang20geometryaware,
      title={Geometry-aware Instance-reweighted Adversarial Training}, 
      author={Jingfeng Zhang and Jianing Zhu and Gang Niu and Bo Han and Masashi Sugiyama and Mohan Kankanhalli},
      year={2020},
      archivePrefix={arXiv},
}

@InProceedings{rice20,
  title = 	 {Overfitting in adversarially robust deep learning},
  author =       {Rice, Leslie and Wong, Eric and Kolter, Zico},
  booktitle = 	 {International Conference on Machine Learning},
  pages = 	 {8093-8104},
  year = 	 {2020},
  month = 	 {Jul}
}

@misc{hitaj21,
      title={Evaluating the Robustness of Geometry-Aware Instance-Reweighted Adversarial Training}, 
      author={Dorjan Hitaj and Giulio Pagnotta and Iacopo Masi and Luigi V. Mancini},
      year={2021},
      archivePrefix={arXiv}
}

@InProceedings{nacson19,
  title = 	 {Stochastic Gradient Descent on Separable Data: Exact Convergence with a Fixed Learning Rate},
  author =       {Nacson, Mor Shpigel and Srebro, Nathan and Soudry, Daniel},
  booktitle = 	 {The 22th International Conference on Artificial Intelligence and Statistics},
  pages = 	 {3051-3059},
  year = 	 {2019},
  month = 	 {Apr}
}


@inproceedings{szegedy14,
title	= {Intriguing properties of neural networks},
author	= {Christian Szegedy and Wojciech Zaremba and Ilya Sutskever and Joan Bruna and Dumitru Erhan and Ian Goodfellow and Rob Fergus},
year	= {2014},
month = {apr},
booktitle	= {International Conference on Learning Representations}
}

@InProceedings{raghunathan20, 
title = {Understanding and Mitigating the Tradeoff between Robustness and Accuracy}, 
author = {Raghunathan, Aditi and Xie, Sang Michael and Yang, Fanny and Duchi, John and Liang, Percy}, 
booktitle = {International Conference on Machine Learning}, 
pages = {7909-7919}, 
year = {2020},
month = {Jul}
}

@inproceedings{kolter19,
 author = {Nagarajan, Vaishnavh and Kolter, J. Zico},
 booktitle = {Advances in Neural Information Processing Systems},
 title = {Uniform convergence may be unable to explain generalization in deep learning},
 year = {2019},
 pages = {11611-11622},
 month = {Dec}
}
@article{soudry18,
  author  = {Daniel Soudry and Elad Hoffer and Mor Shpigel Nacson and Suriya Gunasekar and Nathan Srebro},
  title   = {The Implicit Bias of Gradient Descent on Separable Data},
  journal = {Journal of Machine Learning Research},
  year    = {2018},
  pages   = {1-57},
}

@InProceedings{Dan20, 
title = {Sharp Statistical Guaratees for Adversarially Robust {G}aussian Classification}, 
author = {Dan, Chen and Wei, Yuting and Ravikumar, Pradeep}, 
booktitle = {International Conference on Machine Learning}, 
pages = {2345-2355}, 
year = {2020}, 
volume = {119}, 
month = {Jul}
}

@article{nakkiran19,
  title={Adversarial robustness may be at odds with simplicity},
  author={Nakkiran, Preetum},
  journal={arXiv preprint arXiv:1901.00532},
  year={2019}
}

@misc{tensorflow2015-whitepaper,
title={ {TensorFlow}: Large-Scale Machine Learning on Heterogeneous Systems},
note={Software available from tensorflow.org},
author={
    Mart\'{\i}n~Abadi and
    Ashish~Agarwal and
    Paul~Barham and
    Eugene~Brevdo and
    Zhifeng~Chen and
    Craig~Citro and
    Greg~S.~Corrado and
    Andy~Davis and
    Jeffrey~Dean and
    Matthieu~Devin and
    Sanjay~Ghemawat and
    Ian~Goodfellow and
    Andrew~Harp and
    Geoffrey~Irving and
    Michael~Isard and
    Yangqing Jia and
    Rafal~Jozefowicz and
    Lukasz~Kaiser and
    Manjunath~Kudlur and
    Josh~Levenberg and
    Dandelion~Man\'{e} and
    Rajat~Monga and
    Sherry~Moore and
    Derek~Murray and
    Chris~Olah and
    Mike~Schuster and
    Jonathon~Shlens and
    Benoit~Steiner and
    Ilya~Sutskever and
    Kunal~Talwar and
    Paul~Tucker and
    Vincent~Vanhoucke and
    Vijay~Vasudevan and
    Fernanda~Vi\'{e}gas and
    Oriol~Vinyals and
    Pete~Warden and
    Martin~Wattenberg and
    Martin~Wicke and
    Yuan~Yu and
    Xiaoqiang~Zheng},
  year={2015},
}
@article{scikit-learn,
 title={{Scikit-learn}: Machine Learning in {P}ython},
 author={Pedregosa, F. and Varoquaux, G. and Gramfort, A. and Michel, V.
         and Thirion, B. and Grisel, O. and Blondel, M. and Prettenhofer, P.
         and Weiss, R. and Dubourg, V. and Vanderplas, J. and Passos, A. and
         Cournapeau, D. and Brucher, M. and Perrot, M. and Duchesnay, E.},
 journal={Journal of Machine Learning Research},
 volume={12},
 pages={2825-2830},
 year={2011}
}
@book{durrett96,
  address = {Belmont, CA},
  author = {Durrett, Richard},
  description = {q-paper},
  edition = {Second},
  pages = {xiii+503},
  publisher = {Duxbury Press},
  title = {Probability: theory and examples},
  year = {1996}
}

@article{vershynin12,
  title={Introduction to the non-asymptotic analysis of random matrices},
  author={Vershynin, Roman},
  journal={arXiv preprint arXiv:1011.3027},
  year={2010}
}

@article{Rudelson09,
author = {Rudelson, Mark and Vershynin, Roman},
year = {2009},
month = {Dec},
title = {Smallest Singular Value of a Random Rectangular Matrix},
journal = {Communications on Pure and Applied Mathematics},
}

@article{Edelman88,
author = {Edelman, Alan}, 
title = {Eigenvalues and Condition Numbers of Random Matrices}, 
year = {1988}, 
  journal = {Journal on Matrix Analysis and Applications}, 
  month = {Dec}, 
  pages = {543–560}, 
  }
  
 @InProceedings{Terence09,
author="Tao, Terence
and Vu, Van",
title="Smooth Analysis of the Condition Number and the Least Singular Value",
booktitle="Approximation, Randomization, and Combinatorial Optimization. Algorithms and Techniques",
year="2009",
pages="714-737"
}

@book{vershynin18,
  title={High-dimensional probability: An introduction with applications in data science},
  author={Vershynin, Roman},
  year={2018}
}

@article{Rudelson10,
author = {Rudelson, Mark and Vershnyin, Roman},
year = {2010},
month = {Mar},
title = {Non-asymptotic Theory of Random Matrices: Extreme Singular Values},
journal = {The International Congress of Mathematicians},
}

@article{Burr10,
author = {Settles, Burr},
year = {2010},
month = {Jul},
title = {Active Learning Literature Survey}},
volume = {52},
journal = {University of Wisconsin, Madison}
}

@misc{ren20,
      title={A Survey of Deep Active Learning}, 
      author={Pengzhen Ren and Yun Xiao and Xiaojun Chang and Po-Yao Huang and Zhihui Li and Xiaojiang Chen and Xin Wang},
      year={2020},
      archivePrefix={arXiv},
}

@article{Shein07,
author = {Schein, Andrew and Ungar, Lyle},
year = {2007},
month = {Aug},
pages = {235-265},
title = {Active Learning for Logistic Regression: An Evaluation},
journal = {Machine Learning}
}

@incollection{Witten17,
title = {Chapter 7 - Extending instance-based and linear models},
booktitle = {Data Mining (Fourth Edition)},
pages = {243-284},
year = {2017},
author = {Ian H. Witten and Eibe Frank and Mark A. Hall and Christopher J. Pal}
}
@book{Hastie09,
  author = {Hastie, Trevor and Tibshirani, Robert and Friedman, Jerome},
  title = {The elements of statistical learning: data mining, inference and prediction},
  year = {2009}
}

@misc{yamada21,
      title={Adversarial Training Makes Weight Loss Landscape Sharper in Logistic Regression}, 
      author={Masanori Yamada and Sekitoshi Kanai and Tomoharu Iwata and Tomokatsu Takahashi and Yuki Yamanaka and Hiroshi Takahashi and Atsutoshi Kumagai},
      year={2021},
      archivePrefix={arXiv},
}

@inproceedings{liu20,
 author = {Liu, Chen and Salzmann, Mathieu and Lin, Tao and Tomioka, Ryota and S\"{u}sstrunk, Sabine},
 booktitle = {Advances in Neural Information Processing Systems},
 pages = {21476-21487},
 title = {On the Loss Landscape of Adversarial Training: Identifying Challenges and How to Overcome Them},
 year = {2020}
}


@book{Leadbetter83,
title = "Extremes and related properties of random sequences and processes",
author = "Leadbetter, {M. Ross} and Georg Lindgren and Holger Rootz{\'e}n",
year = "1983"
}

@inproceedings{rade21,
title={Helper-based Adversarial Training: Reducing Excessive Margin to Achieve a Better Accuracy vs. Robustness Trade-off},
author={Rahul Rade and Seyed-Mohsen Moosavi-Dezfooli},
booktitle={International Conforence on Machine Learning (Workshop)},
year={2021},
month = {Jul}
}

@misc{gowal21,
      title={Uncovering the Limits of Adversarial Training against Norm-Bounded Adversarial Examples},
      author={Sven Gowal and Chongli Qin and Jonathan Uesato and Timothy Mann and Pushmeet Kohli},
      year={2021},
      archivePrefix={arXiv},
}

@article{Russakovsky15,
Author = {Olga Russakovsky and Jia Deng and Hao Su and Jonathan Krause and Sanjeev Satheesh and Sean Ma and Zhiheng Huang and Andrej Karpathy and Aditya Khosla and Michael Bernstein and Alexander C. Berg and Li Fei-Fei},
Title = {{ImageNet Large Scale Visual Recognition Challenge}},
Year = {2015},
journal   = {International Journal of Computer Vision},
pages={211-252}
}

@article{Ye15,
author = {Ye, Qixiang and Doermann, David},
year = {2015},
month = {Jun},
pages = {1480-1500},
title = {Text Detection and Recognition in Imagery: A Survey},
journal = {IEEE Transactions on Pattern Analysis and Machine Intelligence},
}

@inproceedings{Bai21,
  title     = {Recent Advances in Adversarial Training for Adversarial Robustness},
  author    = {Bai, Tao and Luo, Jinqi and Zhao, Jun and Wen, Bihan and Wang, Qian},
  booktitle = {International Joint Conference on
               Artificial Intelligence},
  pages     = {4312-4321},
  year      = {2021},
  month     = {Aug}
}
@misc{naseer20,
      title={Stylized Adversarial Defense}, 
      author={Muzammal Naseer and Salman Khan and Munawar Hayat and Fahad Shahbaz Khan and Fatih Porikli},
      year={2020},
      archivePrefix={arXiv}
}
@inproceedings{
Li20,
title={Implicit Bias of Gradient Descent based Adversarial Training on Separable Data},
author={Yan Li and Ethan X.Fang and Huan Xu and Tuo Zhao},
booktitle={International Conference on Learning Representations},
year={2020},
month = {Apr}
}


@InProceedings{Croce20b,
  title = 	 {Reliable evaluation of adversarial robustness with an ensemble of diverse parameter-free attacks},
  author =       {Croce, Francesco and Hein, Matthias},
  booktitle = 	 {International Conference on Machine Learning},
  pages = 	 {2206-2216},
  year = 	 {2020},
  month = 	 {Jul}
}

@inproceedings{Tramer19,
 author = {Tramer, Florian and Boneh, Dan},
 booktitle = {Advances in Neural Information Processing Systems},
 pages = {5858-5868},
 title = {Adversarial Training and Robustness for Multiple Perturbations},
 year = {2019},
 month = {Dec}
}

@misc{liu21,
title={Towards Defending Multiple Adversarial Perturbations via Gated Batch Normalization},
author={Aishan Liu and Shiyu Tang and Xianglong Liu and Xinyun Chen and Lei Huang and Zhuozhuo Tu and Dawn Song and Dacheng Tao},
year={2021},
}

@InProceedings{croce21a,
  title = 	 {Mind the Box: $l_1$-{APGD} for Sparse Adversarial Attacks on Image Classifiers},
  author =       {Croce, Francesco and Hein, Matthias},
  booktitle = 	 {International Conference on Machine Learning},
  pages = 	 {2201-2211},
  year = 	 {2021},
  volume = 	 {139},
  month = 	 {Jul},
}


@InProceedings{cohen19,
  title = 	 {Certified Adversarial Robustness via Randomized Smoothing},
  author =       {Cohen, Jeremy and Rosenfeld, Elan and Kolter, Zico},
  booktitle = 	 {International Conference on Machine Learning},
  pages = 	 {1310-1320},
  year = 	 {2019},
  month = 	 {Jun}
}

@Book{Goodfellow16,
  Title                    = {Deep Learning},
  Author                   = {Ian J. Goodfellow and Yoshua Bengio and Aaron Courville},
  Year                     = {2016},
}

@InProceedings{Deng09,
  author={Deng, Jia and Dong, Wei and Socher, Richard and Li, Li-Jia and Kai Li and Li Fei-Fei},
  booktitle={IEEE Conference on Computer Vision and Pattern Recognition}, 
  title={{I}mage{N}et: A large-scale hierarchical image database}, 
  year={2009},
  pages={248-255},
  }

@inproceedings{Athalye18,
  author={Anish Athalye and Nicholas Carlini and David A. Wagner},
  title={Obfuscated Gradients Give a False Sense of Security: Circumventing Defenses to Adversarial Examples},
  year={2018},
  month = {Jul},
  pages={274-283},
  booktitle={International Conference on Machine Learning}
}

@inproceedings{Papernot17,
title = "Practical black-box attacks against machine learning",
author = "Nicolas Papernot and Patrick McDaniel and Ian Goodfellow and Somesh Jha and Celik, {Z. Berkay} and Ananthram Swami",
year = "2017",
month = Apr,
pages = "506-519",
booktitle = "The Asia Conference on Computer and Communications Security",
}

@inproceedings{Tramer20,
 author = {Tramer, Florian and Carlini, Nicholas and Brendel, Wieland and Madry, Aleksander},
 booktitle = {Advances in Neural Information Processing Systems},
 pages = {1633-1645},
 title = { On Adaptive Attacks to Adversarial Example Defenses},
 year = {2020},
 month = {Dec}
}

@article{carlini19,
  publtype={informal},
  author={Nicholas Carlini and Anish Athalye and Nicolas Papernot and Wieland Brendel and Jonas Rauber and Dimitris Tsipras and Ian J. Goodfellow and Aleksander Madry and Alexey Kurakin},
  title={On Evaluating Adversarial Robustness.},
  year={2019},
  journal={Computing Research Repository}
}

@article{mnist,
  title={MNIST handwritten digit database},
  author={LeCun, Yann and Cortes, Corinna and Burges, CJ},
  journal={{ATT} {L}abs [Online].},
  year={2010}
}
@inproceedings{Yang13,
  author={Yang, Shuai and Premaratne, Prashan and Vial, Peter},
  booktitle={IEEE International Conference on Broadband Network Multimedia Technology}, 
  title={Hand gesture recognition: An overview}, 
  year={2013},
  pages={63-69},
}

@Article{Oudah20,
AUTHOR = {Oudah, Munir and Al-Naji, Ali and Chahl, Javaan},
TITLE = {Hand Gesture Recognition Based on Computer Vision: A Review of Techniques},
JOURNAL = {Journal of Imaging},
YEAR = {2020}
}

@Article{Mujahid21,
AUTHOR = {Mujahid, Abdullah and Awan, Mazhar Javed and Yasin, Awais and Mohammed, Mazin Abed and Damaševičius, Robertas and Maskeliūnas, Rytis and Abdulkareem, Karrar Hameed},
TITLE = {Real-Time Hand Gesture Recognition Based on Deep Learning {YOLO}v3 Model},
JOURNAL = {Applied Sciences},
YEAR = {2021}
}

@article{Mantecon19,
    author = {Mantecón, Tomás AND del-Blanco, Carlos R. AND Jaureguizar, Fernando AND García, Narciso},
    journal = {PLOS ONE},
    title = {A real-time gesture recognition system using near-infrared imagery},
    year = {2019},
    month = {Oct},
    pages = {1-17}
}

@article{Giulio16, 
author = {Marin, Giulio and Dominio, Fabio and Zanuttigh, Pietro}, 
title = {Hand Gesture Recognition with Jointly Calibrated {L}eap {M}otion and Depth Sensor}, 
year = {2016}, 
journal = {Multimedia Tools Applications},
month = Nov, 
pages = {14991–15015}
}


@inproceedings{Carmon19,
  title={Unlabeled data improves adversarial robustness},
  author={Carmon, Yair and Raghunathan, Aditi and Schmidt, Ludwig and Liang, Percy and Duchi, John C},
  booktitle={International Conference on Neural Information Processing Systems},
  pages={11192-11203},
  year={2019},
  month = {Dec}
}

@INPROCEEDINGS{Giulio14,
  author={Marin, Giulio and Dominio, Fabio and Zanuttigh, Pietro},
  booktitle={IEEE International Conference on Image Processing}, 
  title={Hand gesture recognition with leap motion and kinect devices}, 
  year={2014},
  pages={1565-1569}
 }

@inproceedings{Eykholt18,
author = {Eykholt, Kevin and Evtimov, Ivan and Fernandes, Earlence and Li, Bo and Rahmati, Amir and Xiao, Chaowei and Prakash, Atul and Kohno, Tadayoshi and Song, Dawn},
year = {2018},
month = {Jun},
booktitle={IEEE Conference on Computer Vision and Pattern Recognition},
pages = {1625-1634},
title = {Robust Physical-World Attacks on Deep Learning Visual Classification},
}

@inproceedings{wong2021,
title={Learning perturbation sets for robust machine learning},
author={Eric Wong and J Zico Kolter},
booktitle={International Conference on Learning Representations},
year={2021},
month = {May}
}

@InProceedings{Andriushchenko20b,
author="Andriushchenko, Maksym
and Croce, Francesco
and Flammarion, Nicolas
and Hein, Matthias",
editor="Vedaldi, Andrea
and Bischof, Horst
and Brox, Thomas
and Frahm, Jan-Michael",
title="Square Attack: A Query-Efficient Black-Box Adversarial Attack via Random Search",
booktitle="European Conference on Computer Vision",
year="2020",
pages="484-501",
month = {Aug}
}

@incollection{Pytorch,
title = {{P}y{T}orch: An Imperative Style, High-Performance Deep Learning Library},
author = {Paszke, Adam and Gross, Sam and Massa, Francisco and Lerer, Adam and Bradbury, James and Chanan, Gregory and Killeen, Trevor and Lin, Zeming and Gimelshein, Natalia and Antiga, Luca and Desmaison, Alban and Kopf, Andreas and Yang, Edward and DeVito, Zachary and Raison, Martin and Tejani, Alykhan and Chilamkurthy, Sasank and Steiner, Benoit and Fang, Lu and Bai, Junjie and Chintala, Soumith},
booktitle = {Advances in Neural Information Processing Systems},
pages = {8024-8035},
year = {2019}
}

@INPROCEEDINGS{Islam19,
  author={Islam, Md. Zahirul and Hossain, Mohammad Shahadat and ul Islam, Raihan and Andersson, Karl},
  booktitle={International Conference on Informatics  Electronics Vision and the International Conference on Imaging, Vision  Pattern Recognition}, 
  title={Static Hand Gesture Recognition using Convolutional Neural Network with Data Augmentation}, 
  year={2019},
  pages={324-329}
  }

@article{Adithya20,
title = {A Deep Convolutional Neural Network Approach for Static Hand Gesture Recognition},
journal = {Procedia Computer Science},
pages = {2353-2361},
year = {2020},
note = {International Conference on Computing and Network Communications},
author = {Adithya V. and Rajesh R.}
}

@InProceedings{Logan19,
  title = 	 {Exploring the Landscape of Spatial Robustness},
  author =  {Engstrom, Logan and Tran, Brandon and Tsipras, Dimitris and Schmidt, Ludwig and Madry, Aleksander},
  booktitle = {International Conference on Machine Learning},
  pages = 	 {1802-1811},
  year = 	 {2019},
  month = 	 {Jun}
}

@misc{zhang21fooling,
      title={Fooling Object Detectors: Adversarial Attacks by Half-Neighbor Masks}, 
      author={Yanghao Zhang and Fu Wang and Wenjie Ruan},
      year={2021},
      archivePrefix={arXiv}
}
@InProceedings{
Wu20,
title={Defending Against Physically Realizable Attacks on Image Classification},
author={Tong Wu and Liang Tong and Yevgeniy Vorobeychik},
booktitle={International Conference on Learning Representations},
year={2020},
month = {Apr}
}

@InProceedings{Bornschein20,
  title = 	 {Small Data, Big Decisions: Model Selection in the Small-Data Regime},
  author =       {Bornschein, Jorg and Visin, Francesco and Osindero, Simon},
  booktitle = 	 {International Conference on Machine Learning},
  pages = 	 {1035-1044},
  year = 	 {2020},
  month = 	 {Jul}
}

@INPROCEEDINGS{Brigato21,
  author={Brigato, Lorenzo and Iocchi, Luca},
  booktitle={International Conference on Pattern Recognition}, 
  title={A Close Look at Deep Learning with Small Data}, 
  year={2021},
  pages={2490-2497},
  month = {Aug}
 }
 
@inproceedings{Brown17,
title	= {Adversarial Patch},
author	= {Tom Brown and Dandelion Mane and Aurko Roy and Martin Abadi and Justin Gilmer},
year	= {2017},
month = {Dec},
booktitle = {Advances in Neural Information Processing Systems (Workshop)}
}

@article{kang19,
  title={Transfer of Adversarial Robustness Between Perturbation Types},
  author={Kang, Daniel and Sun, Yi and Brown, Tom and Hendrycks, Dan and Steinhardt, Jacob},
  journal={arXiv e-prints},
  year={2019}
}

@inproceedings{su18,
  title={Is Robustness the Cost of Accuracy?--A Comprehensive Study on the Robustness of 18 Deep Image Classification Models},
  author={Su, Dong and Zhang, Huan and Chen, Hongge and Yi, Jinfeng and Chen, Pin-Yu and Gao, Yupeng},
  booktitle={European Conference on Computer Vision},
  pages={644-661},
  year={2018},
}


@article{zhai20,
  title={Adversarially robust generalization just requires more unlabeled data},
  author={Zhai, Runtian and Cai, Tianle and He, Di and Dan, Chen and He, Kun and Hopcroft, John and Wang, Liwei},
  journal={arXiv preprint arXiv:1906.00555},
  year={2019}
}

@article{alayrac19,
  title={Are Labels Required for Improving Adversarial Robustness?},
  author={Alayrac, Jean-Baptiste and Uesato, Jonathan and Huang, Po-Sen and Fawzi, Alhussein and Stanforth, Robert and Kohli, Pushmeet},
  journal={Advances in Neural Information Processing Systems},
  pages={12214-12223},
  year={2019}
}

@inproceedings{lamb19,
  title={Interpolated adversarial training: Achieving robust neural networks without sacrificing too much accuracy},
  author={Lamb, Alex and Verma, Vikas and Kannala, Juho and Bengio, Yoshua},
  booktitle={ACM Workshop on Artificial Intelligence and Security},
  pages={95-103},
  year={2019}
}

@inproceedings{xu20,
  title={Adversarial domain adaptation with domain mixup},
  author={Xu, Minghao and Zhang, Jian and Ni, Bingbing and Li, Teng and Wang, Chengjie and Tian, Qi and Zhang, Wenjun},
  booktitle={AAAI Conference on Artificial Intelligence},
  month = {Feb},
  pages={6502-6509},
  year={2020}
}

@inproceedings{ Ding20,
title={{MMA} Training: Direct Input Space Margin Maximization through Adversarial Training},
author={Gavin Weiguang Ding and Yash Sharma and Kry Yik Chau Lui and Ruitong Huang},
booktitle={International Conference on Learning Representations},
year={2020},
month = {Apr}
}

@article{balaji19,
  title={Instance adaptive adversarial training: Improved accuracy tradeoffs in neural nets},
  author={Balaji, Yogesh and Goldstein, Tom and Hoffman, Judy},
  journal={arXiv preprint arXiv:1910.08051},
  year={2019}
}


@article{Cheng20,
  title={{CAT}: Customized adversarial training for improved robustness},
  author={Cheng, Minhao and Lei, Qi and Chen, Pin-Yu and Dhillon, Inderjit and Hsieh, Cho-Jui},
  journal={arXiv preprint arXiv:2002.06789},
  year={2020}
}

@inproceedings{Wong20Fast,
title={Fast is better than free: Revisiting adversarial training},
author={Eric Wong and Leslie Rice and J. Zico Kolter},
booktitle={International Conference on Learning Representations},
year={2020},
month = {Apr}
}

@article{andriushchenko20,
  title={Understanding and Improving Fast Adversarial Training},
  author={Andriushchenko, Maksym and Flammarion, Nicolas},
  journal={Advances in Neural Information Processing Systems},
  year={2020}
}

@article{li21,
  title={Towards understanding fast adversarial training},
  author={Li, Bai and Wang, Shiqi and Jana, Suman and Carin, Lawrence},
  journal={arXiv preprint arXiv:2006.03089},
  year={2021}
}

@misc{Phan21,
  author       = {Huy Phan},
  title        = {huyvnphan/PyTorch\_CIFAR10},
  month        = 1,
  year         = 2021,
  version      = {v3.0.1}
}

@inproceedings{donhauser21,
  title={Interpolation can hurt robust generalization even when there is no noise},
  author={Donhauser, Konstantin and Tifrea, Alexandru and Aerni, Michael and Heckel, Reinhard and Yang, Fanny},
  booktitle={Advances in Neural Information Processing Systems},
  year={2021},
  month = {Dec}
}

@inproceedings{hendrycks18,
title={Benchmarking Neural Network Robustness to Common Corruptions and Perturbations},
author={Dan Hendrycks and Thomas Dietterich},
booktitle={International Conference on Learning Representations},
year={2019},
month = {Apr}
}


@INPROCEEDINGS{Hayes18,
  author={Hayes, Jamie},
  booktitle={IEEE/CVF Conference on Computer Vision and Pattern Recognition Workshops}, 
  title={On Visible Adversarial Perturbations amp; Digital Watermarking}, 
  year={2018},
  pages={1678-16787}}
  
  @INPROCEEDINGS {Tu20,
author = {J. Tu and M. Ren and S. Manivasagam and M. Liang and B. Yang and R. Du and F. Cheng and R. Urtasun},
booktitle = {IEEE/CVF Conference on Computer Vision and Pattern Recognition},
title = {Physically Realizable Adversarial Examples for {L}i{DAR} Object Detection},
year = {2020},
pages = {13713-13722},
month = {Jun}
}


@InProceedings{Ji19,
  title = 	 {The implicit bias of gradient descent on nonseparable data},
  author =       {Ji, Ziwei and Telgarsky, Matus},
  booktitle = 	 {Conference on Learning Theory},
  pages = 	 {1772-1798},
  year = 	 {2019},
  month = 	 {Jun}
}

@inproceedings{Chizat20,
  title = {Implicit Bias of Gradient Descent for Wide Two-layer Neural Networks Trained with the Logistic Loss},
  author = {Lénaïc Chizat and Francis Bach},
  year = {2020},
  pages = {1305-1338},
  booktitle = {International Conference on Learning Theory},
  month = {Jul}
}

@misc{engstrom19,
title={A Rotation and a Translation Suffice: Fooling {CNN}s with Simple Transformations},
author={Logan Engstrom and Brandon Tran and Dimitris Tsipras and Ludwig Schmidt and Aleksander Madry},
year={2019}
}

@inproceedings{hendrycks20,
title={{A}ug{M}ix: A Simple Method to Improve Robustness and Uncertainty under Data Shift},
author={Dan Hendrycks and Norman Mu and Ekin Dogus Cubuk and Barret Zoph and Justin Gilmer and Balaji Lakshminarayanan},
booktitle={International Conference on Learning Representations},
year={2020},
month = {Apr}
}

@article{calian21,
  title={Defending Against Image Corruptions Through Adversarial Augmentations},
  author={Calian, Dan A and Stimberg, Florian and Wiles, Olivia and Rebuffi, Sylvestre-Alvise and Gyorgy, Andras and Mann, Timothy and Gowal, Sven},
  journal={arXiv preprint arXiv:2104.01086},
  year={2021}
}

@techreport{Welinder10,
	Author = {P. Welinder and S. Branson and T. Mita and C. Wah and F. Schroff and S. Belongie and P. Perona},
	Institution = {California Institute of Technology},
	Number = {CNS-TR-2010-001},
	Title = {{Caltech-UCSD Birds 200}},
	Year = {2010}
}

@article{zhou17,
  title={Places: A 10 million Image Database for Scene Recognition},
  author={Zhou, Bolei and Lapedriza, Agata and Khosla, Aditya and Oliva, Aude and Torralba, Antonio},
  journal={IEEE Transactions on Pattern Analysis and Machine Intelligence},
  year={2017}
}

@inproceedings{Sagawa20,
title={Distributionally Robust Neural Networks},
author={Shiori Sagawa* and Pang Wei Koh* and Tatsunori B. Hashimoto and Percy Liang},
booktitle={International Conference on Learning Representations},
year={2020},
month = {Apr}
}

@inproceedings{telgarsky13,
  title={Margins, shrinkage, and boosting},
  author={Telgarsky, Matus},
  booktitle={International Conference on Machine Learning},
  pages={307-315},
  year={2013},
  month = {Jun}
}

@inproceedings{He16,
  author={He, Kaiming and Zhang, Xiangyu and Ren, Shaoqing and Sun, Jian},
  booktitle={IEEE Conference on Computer Vision and Pattern Recognition}, 
  title={Deep Residual Learning for Image Recognition}, 
  year={2016},
  pages={770-778},
  month = {Jun}
  }

@inproceedings{Schneider20,
 author = {Schneider, Steffen and Rusak, Evgenia and Eck, Luisa and Bringmann, Oliver and Brendel, Wieland and Bethge, Matthias},
 booktitle = {Advances in Neural Information Processing Systems},
 editor = {H. Larochelle and M. Ranzato and R. Hadsell and M. F. Balcan and H. Lin},
 pages = {11539-11551},
 title = {Improving robustness against common corruptions by covariate shift adaptation},
 month = {Dec},
 year = {2020}
}

@article{opencv_library, 
    author = {Bradski, G.}, 
    citeulike-article-id = {2236121}, 
    journal = {Dr. {D}obb's Journal of Software Tools},
    title = {{The OpenCV Library}}, 
    year = {2000} 
}

%%Good lp-ball imperceptible (3k+ citations) WC paper as well
@inproceedings{moosavi16,
  title={{D}eepfool: a simple and accurate method to fool deep neural networks},
  author={Moosavi-Dezfooli, Seyed-Mohsen and Fawzi, Alhussein and Frossard, Pascal},
  booktitle={IEEE conference on computer vision and pattern recognition},
  pages={2574-2582},
  year={2016},
  month = {Jun}
}

%%+29 citations, but not a bad paper (image processing)
@inproceedings{ghiasi19,
  title={Breaking certified defenses: semantic adversarial examples with spoofed robustness certificates},
  author={Ghiasi, Amin and Shafahi, Ali and Goldstein, Tom},
  booktitle={International Conference on Learning Representations},
  year={2019},
  month = {Apr}
}

%%+36 citations, (image processing using colour distance)
@inproceedings{zhao20,
  title={Towards large yet imperceptible adversarial image perturbations with perceptual color distance},
  author={Zhao, Zhengyu and Liu, Zhuoran and Larson, Martha},
  booktitle={IEEE/CVF Conference on Computer Vision and Pattern Recognition},
  pages={1039-1048},
  year={2020}
}

%%+50 citations, (NN as a distance metric like image processing techniques to measure perceptible distance)
@inproceedings{laidlaw21,
  title={Perceptual Adversarial Robustness: Defense Against Unseen Threat Models},
  author={Laidlaw, Cassidy and Singla, Sahil and Feizi, Soheil},
  month = {Jun},
  booktitle={International Conference on Learning Representation},
  year={2021}
}

%%+80 citations, one of the first about imperceptible attacks
@inproceedings{Luo18, 
author = {Luo, Bo and Liu, Yannan and Wei, Lingxiao and Xu, Qiang}, 
title = {Towards Imperceptible and Robust Adversarial Example Attacks against Neural Networks}, 
year = {2018}, 
month = {Feb},
booktitle = {AAAI Conference on Artificial Intelligence and Innovative Applications}
}


%%+50, also image recognition for imperceptible perturbations (image processing). Teir first title was: image recognition for big but imperceptible perturbation
@inproceedings{bhattad19,
  title={Unrestricted Adversarial Examples via Semantic Manipulation},
  author={Bhattad, Anand and Chong, Min Jin and Liang, Kaizhao and Li, Bo and Forsyth, DA},
  booktitle={International Conference on Learning Representations},
  year={2019},
  month = {Apr}
}

%%On manifold (10 citations), semi good
@inproceedings{Lin20,
 author = {Lin, Wei-An and Lau, Chun Pong and Levine, Alexander and Chellappa, Rama and Feizi, Soheil},
 booktitle = {Advances in Neural Information Processing Systems},
 pages = {3487-3498},
 title = {Dual Manifold Adversarial Robustness: Defense against {L}p and non-{L}p Adversarial Attacks},
 year = {2020},
 month = {Dec}
}

%%On manifold, semi good
@inproceedings{Zhou20, 
author = {Zhou, Jianli and Liang, Chao and Chen, Jun}, title = {Manifold Projection for Adversarial Defense on Face Recognition}, 
year = {2020}, 
month = {Aug},
booktitle = {European Conference on Computer Vision}, 
pages = {288–305}
}

