@inproceedings{bastings2018jump,
  author    = {Jasmijn Bastings and
               Marco Baroni and
               Jason Weston and
               Kyunghyun Cho and
               Douwe Kiela},
  editor    = {Tal Linzen and
               Grzegorz Chrupala and
               Afra Alishahi},
  title     = {Jump to better conclusions: {SCAN} both left and right},
  booktitle = {Proceedings of the Workshop: Analyzing and Interpreting Neural Networks
               for NLP, BlackboxNLP@EMNLP 2018, Brussels, Belgium, November 1, 2018},
  pages     = {47--55},
  publisher = {Association for Computational Linguistics},
  year      = {2018},
  url       = {https://doi.org/10.18653/v1/w18-5407},
  doi       = {10.18653/v1/w18-5407},
}

@article{dowty2007compositionality,
  title={Compositionality as an empirical problem},
  author={Dowty, David},
  journal={Direct compositionality},
  volume={14},
  pages={23--101},
  year={2007},
  publisher={Citeseer}
}

@article{dupoux2018cognitive,
  title={Cognitive science in the era of artificial intelligence: A roadmap for reverse-engineering the infant language-learner},
  author={Dupoux, Emmanuel},
  journal={Cognition},
  volume={173},
  pages={43--59},
  year={2018},
  publisher={Elsevier},
  url={https://www.sciencedirect.com/science/article/pii/S0010027717303013}
}

@book{garcia2019open,
  title={Open Compositionality: Toward a New Methodology of Language},
  author={Garc{\'\i}a-Ram{\'\i}rez, Eduardo},
  year={2019},
  publisher={Rowman \& Littlefield},
  url={https://philpapers.org/rec/GAROCT}
}

@inproceedings{johnson2017clevr,
  title={{CLEVR}: A diagnostic dataset for compositional language and elementary visual reasoning},
  author={Johnson, Justin and Hariharan, Bharath and van der Maaten, Laurens and Fei-Fei, Li and Zitnick, C Lawrence and Girshick, Ross},
  booktitle = {{IEEE Conference on Computer Vision and Pattern Recognition (CVPR)}},
  pages={1988--1997},
  year={2017},
}

@article{hupkes2018diagnostic,
  Author = {Hupkes, Dieuwke and Veldhoen, Sara and Zuidema, Willem},
  Journal = {Journal of Artificial Intelligence Research},
  Pages = {907--926},
  Title = {Visualisation and `diagnostic classifiers' reveal how recurrent and recursive neural networks process hierarchical structure},
  Volume = {61},
  Year = {2018}}
  
@article{hupkes2020compositionality,
  author    = {Dieuwke Hupkes and
               Verna Dankers and
               Mathijs Mul and
               Elia Bruni},
  title     = {Compositionality Decomposed: How do Neural Networks Generalise?},
  journal   = {Journal of Artificial Intellgence Research},
  volume    = {67},
  pages     = {757--795},
  year      = {2020},
  doi = {10.1613/jair.1.11674}
}

@article{fodor1988connectionism,
  title={Connectionism and cognitive architecture: {A} critical analysis},
  author={Fodor, Jerry A and Pylyshyn, Zenon W},
  journal={Cognition},
  volume={28},
  number={1-2},
  pages={3--71},
  year={1988},
  publisher={Elsevier},
  url={https://uh.edu/~garson/F&P1.PDF}
}

@book{marcus2003algebraic,
  title={The algebraic mind: Integrating connectionism and cognitive science},
  author={Marcus, Gary F},
  year={2003},
  publisher={MIT press},
  url={https://books.google.nl/books?hl=en&lr=&id=3cB-DwAAQBAJ&oi=fnd&pg=PR7&dq=The+algebraic+mind:+Integrating+connectionism+and+cognitive+science&ots=uCmrN-a5oC&sig=4FnQ91m-s4C-sg-BJlfXngbI8Pg}
}

@article{smolensky1990tensor,
  title={Tensor product variable binding and the representation of symbolic structures in connectionist systems},
  author={Smolensky, Paul},
  journal={Artificial intelligence},
  volume={46},
  number={1-2},
  pages={159--216},
  year={1990},
  publisher={Elsevier},
  url={http://www.lscp.net/persons/dupoux/teaching/AT1_2012/papers/Smolensky_1990_TensorProductVariableBinding.AI.pdfs}
}

@article{janssen1998algebraic,
  title={Algebraic translations, correctness and algebraic compiler construction},
  author={Janssen, Theo MV},
  journal={Theoretical Computer Science},
  volume={199},
  number={1-2},
  pages={25--56},
  year={1998},
  publisher={Elsevier},
  url={https://www.sciencedirect.com/science/article/pii/S0304397597002673/pdf?md5=f4ca3cbf904883a17d650731ba7eae2b&pid=1-s2.0-S0304397597002673-main.pdf&_valck=1}
}

@incollection{janssen1997compositionality,
  title={Compositionality},
  author={Janssen, Theo MV and Partee, Barbara H},
  booktitle={Handbook of logic and language},
  pages={417--473},
  year={1997},
  publisher={Elsevier},
  url={https://eprints.illc.uva.nl/1239/2/LP-1996-03.text.pdf}
}

@inproceedings{lu2020influence,
  title={Influence Paths for Characterizing Subject-Verb Number Agreement in LSTM Language Models},
  author={Lu, Kaiji and Mardziel, Piotr and Leino, Klas and Fredrikson, Matt and Datta, Anupam},
  booktitle={Proceedings of the 58th Annual Meeting of the Association for Computational Linguistics},
  pages={4748--4757},
  year={2020},
  doi={10.18653/v1/2020.acl-main.430}
}

@article{lahav1989against,
  title={Against compositionality: the case of adjectives},
  author={Lahav, Ran},
  journal={Philosophical studies},
  volume={57},
  number={3},
  pages={261--279},
  year={1989},
  publisher={Springer}
}

@inproceedings{lakretz2019emergence,
  title = "The emergence of number and syntax units in {LSTM} language models",
  author = "Lakretz, Yair  and
        Kruszewski, German  and
        Desbordes, Theo  and
        Hupkes, Dieuwke  and
      Dehaene, Stanislas  and
      Baroni, Marco",
  booktitle = "Proceedings of the 2019 Conference of the North {A}merican Chapter of the Association for Computational Linguistics: Human Language Technologies, Volume 1 (Long and Short Papers)",
  year = "2019",
  url = "https://www.aclweb.org/anthology/N19-1002",
  doi = "10.18653/v1/N19-1002",
  pages = "11--20",
}

@inproceedings{lake2019human,
  author    = {Brenden M. Lake and
               Tal Linzen and
               Marco Baroni},
  editor    = {Ashok K. Goel and
               Colleen M. Seifert and
               Christian Freksa},
  title     = {Human few-shot learning of compositional instructions},
  booktitle = {Proceedings of the 41th Annual Meeting of the Cognitive Science Society,
               CogSci 2019: Creativity + Cognition + Computation, Montreal, Canada,
               July 24-27, 2019},
  pages     = {611--617},
  publisher = {cognitivesciencesociety.org},
  year      = {2019},
  url={https://cogsci.mindmodeling.org/2019/papers/0123/0123.pdf}
}

@article{pagin2005compositionality,
  title={Compositionality and context},
  author={Pagin, Peter},
  journal={Contextualism in philosophy},
  pages={303--48},
  year={2005},
  publisher={Oxford University Press}
}

@article{pagin2010compositionality,
  title={Compositionality II: Arguments and problems},
  author={Pagin, Peter and Westerst{\aa}hl, Dag},
  journal={Philosophy Compass},
  volume={5},
  number={3},
  pages={265--282},
  year={2010},
  publisher={Wiley Online Library},
  url={https://onlinelibrary.wiley.com/doi/pdf/10.1111/j.1747-9991.2009.00229.x?casa_token=iX-cpvt5tBsAAAAA:hFClgEse1miys7emGrHni3MKsi3RdwA-olea7c1Joo3I4XJQyLrI6aEu_gAbfVoKpWew4Bja9OrhOEk}
}

@inproceedings{raunak2019compositionality,
  title={On Compositionality in Neural Machine Translation},
  author={Raunak, Vikas and Kumar, Vaibhav and Metze, Florian and Callan, Jaimie},
  booktitle={NeurIPS 2019 Context and Compositionality in Biological and Artificial Neural Systems Workshop},
  year={2019},
  url={https://vaibhav4595.github.io/files/compo.pdf}
}

@inproceedings{vaswani2017attention,
  title={Attention is All you Need},
  author={Vaswani, Ashish and Shazeer, Noam and Parmar, Niki and Uszkoreit, Jakob and Jones, Llion and Gomez, Aidan N and Kaiser, {\L}ukasz and Polosukhin, Illia},
  booktitle={Advances in Neural Information Processing Systems},
  pages={5998--6008},
  year={2017},
  url={https://papers.nips.cc/paper/2017/file/3f5ee243547dee91fbd053c1c4a845aa-Paper.pdf}
}

@inproceedings{ott2018scaling,
  author    = {Myle Ott and
               Sergey Edunov and
               David Grangier and
               Michael Auli},
  editor    = {Ondrej Bojar and
               Rajen Chatterjee and
               Christian Federmann and
               Mark Fishel and
               Yvette Graham and
               Barry Haddow and
               Matthias Huck and
               Antonio Jimeno{-}Yepes and
               Philipp Koehn and
               Christof Monz and
               Matteo Negri and
               Aur{\'{e}}lie N{\'{e}}v{\'{e}}ol and
               Mariana L. Neves and
               Matt Post and
               Lucia Specia and
               Marco Turchi and
               Karin Verspoor},
  title     = {Scaling Neural Machine Translation},
  booktitle = {Proceedings of the Third Conference on Machine Translation: Research
               Papers, {WMT} 2018, Belgium, Brussels, October 31 - November 1, 2018},
  pages     = {1--9},
  publisher = {Association for Computational Linguistics},
  year      = {2018},
  url       = {https://doi.org/10.18653/v1/w18-6301},
  doi       = {10.18653/v1/w18-6301},
}

@inproceedings{tiedemann2020opus,
  title = "{OPUS}-{MT} {--} Building open translation services for the World",
  author = {Tiedemann, J{\"o}rg  and
    Thottingal, Santhosh},
  booktitle = "Proceedings of the 22nd Annual Conference of the European Association for Machine Translation",
  year = "2020",
  url = "https://www.aclweb.org/anthology/2020.eamt-1.61",
  pages = "479--480",
  abstract = "This paper presents OPUS-MT a project that focuses on the development of free resources and tools for machine translation. The current status is a repository of over 1,000 pre-trained neural machine translation models that are ready to be launched in on-line translation services. For this we also provide open source implementations of web applications that can run efficiently on average desktop hardware with a straightforward setup and installation.",
}

@inproceedings{jumelet2019analysing,
  title={Analysing Neural Language Models: Contextual Decomposition Reveals Default Reasoning in Number and Gender Assignment},
  author={Jumelet, Jaap and Zuidema, Willem and Hupkes, Dieuwke},
  booktitle={Proceedings of the 23rd Conference on Computational Natural Language Learning (CoNLL)},
  pages={1--11},
  year={2019},
  doi={10.18653/v1/K19-1001}
}

@inproceedings{jumelet2020diagnnose,
  title={diag{NN}ose: A Library for Neural Activation Analysis},
  author={Jumelet, Jaap},
  booktitle={Proceedings of the Third BlackboxNLP Workshop on Analyzing and Interpreting Neural Networks for NLP},
  pages={342--350},
  year={2020}
}

@article{lakretz2020exploring,
  title={Exploring Processing of Nested Dependencies in Neural-Network Language Models and Humans},
  author={Lakretz, Yair and Hupkes, Dieuwke and Vergallito, Alessandra and Marelli, Marco and Baroni, Marco and Dehaene, Stanislas},
  journal={arXiv preprint arXiv:2006.11098},
  year={2020}
}

@inproceedings{junczys-dowmunt-etal-2018-marian-fast,
  title = "{M}arian: Fast Neural Machine Translation in {C}++",
  author = "Junczys-Dowmunt, Marcin  and
    Grundkiewicz, Roman  and
    Dwojak, Tomasz  and
    Hoang, Hieu  and
    Heafield, Kenneth  and
    Neckermann, Tom  and
    Seide, Frank  and
    Germann, Ulrich  and
    Aji, Alham Fikri  and
    Bogoychev, Nikolay  and
    Martins, Andr{\'e} F. T.  and
    Birch, Alexandra",
  booktitle = "Proceedings of {ACL} 2018, System Demonstrations",
  year = "2018",
  url = "https://www.aclweb.org/anthology/P18-4020",
  doi = "10.18653/v1/P18-4020",
  pages = "116--121",
  abstract = "We present Marian, an efficient and self-contained Neural Machine Translation framework with an integrated automatic differentiation engine based on dynamic computation graphs. Marian is written entirely in C++. We describe the design of the encoder-decoder framework and demonstrate that a research-friendly toolkit can achieve high training and translation speed.",
}

@inproceedings{lake2018generalization,
  title={Generalization without systematicity: On the compositional skills of sequence-to-sequence recurrent networks},
  author={Lake, Brenden and Baroni, Marco},
  booktitle={International Conference on Machine Learning},
  pages={2873--2882},
  year={2018},
  organization={PMLR},
  url={http://proceedings.mlr.press/v80/lake18a/lake18a.pdf}
}

@inproceedings{nie2019analyzing,
  title={Analyzing compositionality-sensitivity of {NLI} models},
  author={Nie, Yixin and Wang, Yicheng and Bansal, Mohit},
  booktitle={Proceedings of the AAAI Conference on Artificial Intelligence},
  volume={33},
  pages={6867--6874},
  year={2019},
  url={https://ojs.aaai.org//index.php/AAAI/article/view/4663}
}

@inproceedings{moussallem2018lidioms,
  title = "{LI}dioms: A Multilingual Linked Idioms Data Set",
  author = "Moussallem, Diego  and
    Sherif, Mohamed Ahmed  and
    Esteves, Diego  and
    Zampieri, Marcos  and
    Ngonga Ngomo, Axel-Cyrille",
  booktitle = "Proceedings of the Eleventh International Conference on Language Resources and Evaluation ({LREC} 2018)",
  year = "2018",
  url = "https://www.aclweb.org/anthology/L18-1392",
}

@article{macken2011dutch,
  title={Dutch parallel corpus: A balanced copyright-cleared parallel corpus},
  author={Macken, Lieve and De Clercq, Orph{\'e}e and Paulussen, Hans},
  journal={Meta: Journal des traducteurs/Meta: Translators’ Journal},
  volume={56},
  number={2},
  pages={374--390},
  year={2011},
  publisher={Les Presses de l’Universit{\'e} de Montr{\'e}al},
  url={https://www.erudit.org/en/journals/meta/1900-v1-n1-meta1821316/1006182ar.pdf}
}

@inproceedings{kim2020cogs,
  title={{COGS:} A Compositional Generalization Challenge Based on Semantic Interpretation},
  author={Kim, Najoung and Linzen, Tal},
  booktitle={Proceedings of the 2020 Conference on Empirical Methods in Natural Language Processing (EMNLP)},
  pages={9087--9105},
  year={2020},
  url={https://aclanthology.org/2020.emnlp-main.731/}
}

@inproceedings{Linzen2020HowCW,
  author    = {Tal Linzen},
  editor    = {Dan Jurafsky and
               Joyce Chai and
               Natalie Schluter and
               Joel R. Tetreault},
  title     = {How Can We Accelerate Progress Towards Human-like Linguistic Generalization?},
  booktitle = {Proceedings of the 58th Annual Meeting of the Association for Computational
               Linguistics, {ACL} 2020, Online, July 5-10, 2020},
  pages     = {5210--5217},
  publisher = {Association for Computational Linguistics},
  year      = {2020},
  url       = {https://www.aclweb.org/anthology/2020.acl-main.465/},
}


@inproceedings{staliunaite,
  title = "Compositional and Lexical Semantics in {R}o{BERT}a, {BERT} and {D}istil{BERT}: A Case Study on {C}o{QA}",
  author = "Stali{\=u}nait{\.e}, Ieva  and
    Iacobacci, Ignacio",
  booktitle = "Proceedings of the 2020 Conference on Empirical Methods in Natural Language Processing (EMNLP)",
  year = "2020",
  url = "https://www.aclweb.org/anthology/2020.emnlp-main.573",
  pages = "7046--7056"
}

@inproceedings{tenney2019bert,
  title={BERT Rediscovers the Classical {NLP} Pipeline},
  author={Tenney, Ian and Das, Dipanjan and Pavlick, Ellie},
  booktitle={Proceedings of the 57th Annual Meeting of the Association for Computational Linguistics},
  pages={4593--4601},
  year={2019},
  doi={10.18653/v1/P19-1452}
}

@article{rogers2020primer,
  title={A primer in bertology: What we know about how {BERT} works},
  author={Rogers, Anna and Kovaleva, Olga and Rumshisky, Anna},
  journal={CoRR, abs/2002.12327},
  year={2020},
  url={https://arxiv.org/pdf/2002.12327.pdf}
}

@inproceedings{mccoy2019right,
  title={Right for the Wrong Reasons: Diagnosing Syntactic Heuristics in Natural Language Inference},
  author={McCoy, Tom and Pavlick, Ellie and Linzen, Tal},
  booktitle={Proceedings of the 57th Annual Meeting of the Association for Computational Linguistics},
  pages={3428--3448},
  year={2019},
  doi={10.18653/v1/P19-1334}
}

@inproceedings{korrel2019transcoding,
  title={Transcoding Compositionally: Using Attention to Find More Generalizable Solutions},
  author={Korrel, Kris and Hupkes, Dieuwke and Dankers, Verna and Bruni, Elia},
  booktitle={Proceedings of the 2019 ACL Workshop BlackboxNLP: Analyzing and Interpreting Neural Networks for NLP},
  pages={1--11},
  year={2019},
  doi={10.18653/v1/W19-4801}
}

@inproceedings{mul2019siamese,
  title={Siamese recurrent networks learn first-order logic reasoning and exhibit zero-shot compositional generalization},
  author={Mul, Mathijs and Zuidema, Willem},
  booktitle={CoRR, abs/1906.00180},
  year={2019},
  url={https://arxiv.org/pdf/1906.00180.pdf}
}

@inproceedings{andreas-2020-good,
  title = "Good-Enough Compositional Data Augmentation",
  author = "Andreas, Jacob",
  booktitle = "Proceedings of the 58th Annual Meeting of the Association for Computational Linguistics",
  year = "2020",
  url = "https://www.aclweb.org/anthology/2020.acl-main.676",
  doi = "10.18653/v1/2020.acl-main.676",
  pages = "7556--7566"
}

@inproceedings{lake2019compositional,
  title={Compositional generalization through meta sequence-to-sequence learning},
  author={Lake, Brenden M},
  booktitle={Advances in Neural Information Processing Systems},
  pages={9791--9801},
  year={2019},
   url = {https://proceedings.neurips.cc/paper/2019/file/f4d0e2e7fc057a58f7ca4a391f01940a-Paper.pdf}
}

@inproceedings{finegan2018improving,
  title={Improving Text-to-{SQL} Evaluation Methodology},
  author={Finegan-Dollak, Catherine and Kummerfeld, Jonathan K and Zhang, Li and Ramanathan, Karthik and Sadasivam, Sesh and Zhang, Rui and Radev, Dragomir},
  booktitle={Proceedings of the 56th Annual Meeting of the Association for Computational Linguistics (Volume 1: Long Papers)},
  pages={351--360},
  year={2018},
  url={https://aclanthology.org/P18-1033/}
}

@inproceedings{linzen-2020-accelerate,
  title = "How Can We Accelerate Progress Towards Human-like Linguistic Generalization?",
  author = "Linzen, Tal",
  booktitle = "Proceedings of the 58th Annual Meeting of the Association for Computational Linguistics",
  month = jul,
  year = "2020",
  address = "Online",
  publisher = "Association for Computational Linguistics",
  url = "https://www.aclweb.org/anthology/2020.acl-main.465",
  doi = "10.18653/v1/2020.acl-main.465",
  pages = "5210--5217",
  abstract = "This position paper describes and critiques the Pretraining-Agnostic Identically Distributed (PAID) evaluation paradigm, which has become a central tool for measuring progress in natural language understanding. This paradigm consists of three stages: (1) pre-training of a word prediction model on a corpus of arbitrary size; (2) fine-tuning (transfer learning) on a training set representing a classification task; (3) evaluation on a test set drawn from the same distribution as that training set. This paradigm favors simple, low-bias architectures, which, first, can be scaled to process vast amounts of data, and second, can capture the fine-grained statistical properties of a particular data set, regardless of whether those properties are likely to generalize to examples of the task outside the data set. This contrasts with humans, who learn language from several orders of magnitude less data than the systems favored by this evaluation paradigm, and generalize to new tasks in a consistent way. We advocate for supplementing or replacing PAID with paradigms that reward architectures that generalize as quickly and robustly as humans.",
}

@article{szabo2012case,
  title={The case for compositionality},
  author={Szab{\'o}, Zoltan},
  journal={The Oxford handbook of compositionality},
  volume={64},
  pages={80},
  year={2012},
  publisher={Oxford University Press Oxford},
  url={https://www.fil.lu.se/media/utbildning/dokument/kurser/FTEA21/20172/Szabos_text_L_s_denna_vs.pdf}
}

@article{partee1984compositionality,
  title={Compositionality},
  author={Partee, Barbara},
  journal={Varieties of formal semantics},
  volume={3},
  pages={281--311},
  year={1984},
  publisher={Foris, Dordrecht}
}

@article{vancranenburgh2016disc,
  title={Data-Oriented Parsing with discontinuous constituents and function tags},
  author={Van Cranenburgh, Andreas and Remko Scha and Rens Bod},
  journal={Journal of Language Modelling},
  year={2016},
  volume={4},
  number={1},
  pages={57--111},
  url={http://dx.doi.org/10.15398/jlm.v4i1.100}
}

@inproceedings{koehn-knowles-2017-six,
  title = "Six Challenges for Neural Machine Translation",
  author = "Koehn, Philipp  and
    Knowles, Rebecca",
  booktitle = "Proceedings of the First Workshop on Neural Machine Translation",
  year = "2017",
  publisher = "Association for Computational Linguistics",
  url = "https://www.aclweb.org/anthology/W17-3204",
  doi = "10.18653/v1/W17-3204",
  pages = "28--39",
}


@inproceedings{arpit2017closer,
  title={A closer look at memorization in deep networks},
  author={Arpit, Devansh and Jastrzebski, Stanislaw K and Ballas, Nicolas and Krueger, David and Bengio, Emmanuel and Kanwal, Maxinder S and Maharaj, Tegan and Fischer, Asja and Courville, Aaron C and Bengio, Yoshua and others},
  booktitle={Proceedings of the 34th International Conference on Machine Learning-Volume 70},
  pages={233--242},
  year={2017},
  url={http://proceedings.mlr.press/v70/arpit17a/arpit17a.pdf}
}

@inproceedings{tulio2020checklist,
  author    = {Marco T{\'{u}}lio Ribeiro and
               Tongshuang Wu and
               Carlos Guestrin and
               Sameer Singh},
  editor    = {Dan Jurafsky and
               Joyce Chai and
               Natalie Schluter and
               Joel R. Tetreault},
  title     = {Beyond Accuracy: Behavioral Testing of {NLP} Models with CheckList},
  booktitle = {Proceedings of the 58th Annual Meeting of the Association for Computational
               Linguistics, {ACL} 2020, Online, July 5-10, 2020},
  pages     = {4902--4912},
  publisher = {Association for Computational Linguistics},
  year      = {2020},
  url       = {https://doi.org/10.18653/v1/2020.acl-main.442},
  doi       = {10.18653/v1/2020.acl-main.442},
}

@inproceedings{fadaee2020unreasonable,
  author    = {Marzieh Fadaee and
               Christof Monz},
  editor    = {Alexandra Birch and
               Andrew M. Finch and
               Hiroaki Hayashi and
               Kenneth Heafield and
               Marcin Junczys{-}Dowmunt and
               Ioannis Konstas and
               Xian Li and
               Graham Neubig and
               Yusuke Oda},
  title     = {The Unreasonable Volatility of Neural Machine Translation Models},
  booktitle = {Proceedings of the Fourth Workshop on Neural Generation and Translation,
               NGT@ACL 2020, Online, July 5-10, 2020},
  pages     = {88--96},
  publisher = {Association for Computational Linguistics},
  year      = {2020},
  url       = {https://doi.org/10.18653/v1/2020.ngt-1.10},
  doi       = {10.18653/v1/2020.ngt-1.10},
}

@inproceedings{parthasarathi2021sometimes,
  title={Sometimes we want ungrammatical translations},
  author={Parthasarathi, Prasanna and Sinha, Koustuv and Pineau, Joelle and Williams, Adina},
  booktitle={Findings of the Association for Computational Linguistics: EMNLP 2021},
  pages={3205--3227},
  year={2021},
  url={https://aclanthology.org/2021.findings-emnlp.275/}
}

@incollection{rosetta1994rosetta,
  title={The Rosetta characteristics},
  author={Rosetta, MT},
  booktitle={Compositional Translation},
  pages={85--102},
  year={1994},
  publisher={Springer}
}

@book{rosetta2013compositional,
  title={Compositional translation},
  author={Rosetta, MT},
  volume={273},
  year={2013},
  publisher={Springer Science \& Business Media},
  url={https://link.springer.com/book/10.1007/978-94-015-8306-0}
}

@book{fodor1987psychosemantics,
  title={Psychosemantics: The problem of meaning in the philosophy of mind},
  author={Fodor, Jerry A},
  volume={2},
  year={1987},
  publisher={MIT press},
  url={https://mitpress.mit.edu/books/psychosemantics}
}

@inproceedings{li2021compositional,
  title = "On Compositional Generalization of Neural Machine Translation",
  author = "Li, Yafu  and
    Yin, Yongjing  and
    Chen, Yulong  and
    Zhang, Yue",
  booktitle = "Proceedings of the 59th Annual Meeting of the Association for Computational Linguistics and the 11th International Joint Conference on Natural Language Processing (Volume 1: Long Papers)",
  month = aug,
  year = "2021",
  url = "https://aclanthology.org/2021.acl-long.368",
  doi = "10.18653/v1/2021.acl-long.368",
  pages = "4767--4780",
}

@article{baggio2021compositionality,
  title={Compositionality in a Parallel Architecture for Language Processing},
  author={Baggio, Giosu{\`e}},
  journal={Cognitive Science},
  volume={45},
  number={5},
  pages={e12949},
  year={2021},
  publisher={Wiley Online Library},
  url={https://onlinelibrary.wiley.com/doi/full/10.1111/cogs.12949}
}

@article{goyal2021flores,
  title={The {FLORES-101} Evaluation Benchmark for Low-Resource and Multilingual Machine Translation},
  author={Goyal, Naman and Gao, Cynthia and Chaudhary, Vishrav and Chen, Peng-Jen and Wenzek, Guillaume and Ju, Da and Krishnan, Sanjana and Ranzato, Marc'Aurelio and Guzman, Francisco and Fan, Angela},
  journal   = {CoRR},
  volume    = {abs/2106.03193},
  year={2021},
  url={https://arxiv.org/pdf/2106.03193.pdf}
}

@incollection{penke2012dual,
  title={The dual-mechanism debate},
  author={Penke, Martina},
  booktitle={The Oxford handbook of compositionality},
  year={2012},
  url={https://www.oxfordhandbooks.com/view/10.1093/oxfordhb/9780199541072.001.0001/oxfordhb-9780199541072-e-28}
}

@inproceedings{haagsma2020magpie,
  title={Magpie: A large corpus of potentially idiomatic expressions},
  author={Haagsma, Hessel and Bos, Johan and Nissim, Malvina},
  booktitle={Proceedings of The 12th Language Resources and Evaluation Conference},
  pages={279--287},
  year={2020},
  url={https://aclanthology.org/2020.lrec-1.35.pdf}
}

@inproceedings{keysers2019measuring,
  title={Measuring Compositional Generalization: A Comprehensive Method on Realistic Data},
  author={Keysers, Daniel and Sch{\"a}rli, Nathanael and Scales, Nathan and Buisman, Hylke and Furrer, Daniel and Kashubin, Sergii and Momchev, Nikola and Sinopalnikov, Danila and Stafiniak, Lukasz and Tihon, Tibor and others},
  booktitle={International Conference on Learning Representations},
  year={2019},
  url={https://openreview.net/pdf?id=SygcCnNKwr}
}

@inproceedings{pavlick2016most,
  title={Most “babies” are “little” and most “problems” are “huge”: Compositional entailment in adjective-nouns},
  author={Pavlick, Ellie and Callison-Burch, Chris},
  booktitle={Proceedings of the 54th Annual Meeting of the Association for Computational Linguistics (Volume 1: Long Papers)},
  pages={2164--2173},
  year={2016},
  url={https://www.aclweb.org/anthology/P16-1204.pdf}
}

@inproceedings{ott2019fairseq,
  title={fairseq: A Fast, Extensible Toolkit for Sequence Modeling},
  author={Ott, Myle and Edunov, Sergey and Baevski, Alexei and Fan, Angela and Gross, Sam and Ng, Nathan and Grangier, David and Auli, Michael},
  booktitle={Proceedings of the 2019 Conference of the North American Chapter of the Association for Computational Linguistics (Demonstrations)},
  pages={48--53},
  year={2019},
  url={https://aclanthology.org/N19-4009/}
}
@article{jacobson2002dis,
  title={The (dis)organization of the grammar: 25 years},
  author={Jacobson, Pauline},
  journal={Linguistics and Philosophy},
  volume={25},
  number={5/6},
  pages={601--626},
  year={2002},
  publisher={JSTOR},
  url={https://www.jstor.org/stable/pdf/25001866.pdf?casa_token=v-rH1LBy3MEAAAAA:Cvo73eR5TOQyz9ywKzza8nBUiF-nBxpH6GS8h7APhB3yNWxbbvcla62Z35gqpOi_28I_H1hrEhocVYEKNJQY6qiA3cxLtw2u25Wq6FEPFdE_vkQUJOGx}
}

@article{nefdt2020puzzle,
  title={A Puzzle concerning Compositionality in Machines.},
  author={Nefdt, Ryan M},
  journal={Minds \& Machines},
  volume={30},
  number={1},
  year={2020},
  url={https://philpapers.org/rec/NEFAPC}
}

@inproceedings{chaabouni2021can,
  title={Can Transformers Jump Around Right in Natural Language? Assessing Performance Transfer from SCAN},
  author={Chaabouni, Rahma and Dess{\`\i}, Roberto and Kharitonov, Eugene},
  booktitle={Proceedings of the Fourth BlackboxNLP Workshop on Analyzing and Interpreting Neural Networks for NLP},
  pages={136--148},
  year={2021},
  url={https://aclanthology.org/2021.blackboxnlp-1.9/}
}

@incollection{rumelhart1986learning,
	address = {Cambridge, MA},
	title = {On {Learning} the {Past} {Tenses} of {English} {Verbs}},
	language = {en},
	booktitle = {Parallel distributed processing: {Explorations} in the microstructure of cognition},
	publisher = {MIT Press},
	author = {Rumelhart, D E and McClelland, J},
	year = {1986},
	keywords = {msc\_interim},
	pages = {216--271},
	file = {Rumelhart and McCLELLAND - Past Tenses of English Verbs.pdf:/Users/kate/Zotero/storage/DPU7ATNQ/Rumelhart and McCLELLAND - Past Tenses of English Verbs.pdf:application/pdf},
	url={https://apps.dtic.mil/sti/pdfs/ADA164233.pdf}
}

@inproceedings{post2018call,
  title={A Call for Clarity in Reporting {BLEU} Scores},
  author={Post, Matt},
  booktitle={Proceedings of the Third Conference on Machine Translation: Research Papers},
  pages={186--191},
  year={2018},
  url={https://aclanthology.org/W18-6319/}
}

@inproceedings{pandia2021sorting,
  title={Sorting through the noise: Testing robustness of information processing in pre-trained language models},
  author={Pandia, Lalchand and Ettinger, Allyson},
  booktitle={Proceedings of the 2021 Conference on Empirical Methods in Natural Language Processing},
  pages={1583--1596},
  year={2021}
}

@inproceedings{le2021many,
  title={How many data points is a prompt worth?},
  author={Le Scao, Teven and Rush, Alexander M},
  booktitle={Proceedings of the 2021 Conference of the North American Chapter of the Association for Computational Linguistics: Human Language Technologies},
  pages={2627--2636},
  year={2021}
}

@phdthesis{futrell2017memory,
  title={Memory and locality in natural language},
  author={Futrell, Richard Landy Jones},
  year={2017},
  school={Massachusetts Institute of Technology}
}

@article{westerstaahl2002compositionality,
  title={On the compositionality of idioms},
  author={Westerst{\aa}hl, Dag},
  journal={Proceedings of LLC8. CSLI Publications},
  year={2002},
  url={https://www.philosophy.su.se/polopoly_fs/1.165967.1391765941!/menu/standard/file/2002%20CompIdiomsStanford.pdf}
}