@string{neurips2013 = {Advances in Neural Information Processing Systems 26 (NIPS 2013)}}
@string{neurips2014 = {Advances in Neural Information Processing Systems 27 (NIPS 2014)}}
@string{neurips2015 = {Advances in Neural Information Processing Systems 28 (NIPS 2015)}}
@string{neurips2016 = {Advances in Neural Information Processing Systems 29 (NIPS 2016)}}
@string{neurips2017 = {Advances in Neural Information Processing Systems 30 (NIPS 2017)}}
@string{neurips2018 = {Advances in Neural Information Processing Systems 31 (NeurIPS 2018)}}
@string{neurips2019 = {Advances in Neural Information Processing Systems 32 (NeurIPS 2019)}}
@string{neurips2020 = {Advances in Neural Information Processing Systems 33 (NeurIPS 2020)}}
@string{neurips2021 = {Advances in Neural Information Processing Systems 34 (NeurIPS 2021)}}

@string{icml2013 = {Proceedings of The 30th International Conference on Machine Learning (ICML 2013)}}
@string{icml2014 = {Proceedings of The 31st International Conference on Machine Learning (ICML 2014)}}
@string{icml2015 = {Proceedings of The 32nd International Conference on Machine Learning (ICML 2015)}}
@string{icml2016 = {Proceedings of The 33rd International Conference on Machine Learning (ICML 2016)}}
@string{icml2017 = {Proceedings of The 34th International Conference on Machine Learning (ICML 2017)}}
@string{icml2018 = {Proceedings of The 35th International Conference on Machine Learning (ICML 2018)}}
@string{icml2019 = {Proceedings of The 36th International Conference on Machine Learning (ICML 2019)}}
@string{icml2020 = {Proceedings of The 37th International Conference on Machine Learning (ICML 2020)}}
@string{icml2021 = {Proceedings of The 38th International Conference on Machine Learning (ICML 2021)}}

@string{aistats2013 = {Proceedings of The 16th International Conference on Artificial Intelligence and Statistics (AISTATS 2013)}}
@string{aistats2014 = {Proceedings of The 17th International Conference on Artificial Intelligence and Statistics (AISTATS 2014)}}
@string{aistats2015 = {Proceedings of The 18th International Conference on Artificial Intelligence and Statistics (AISTATS 2015)}}
@string{aistats2016 = {Proceedings of The 19th International Conference on Artificial Intelligence and Statistics (AISTATS 2016)}}
@string{aistats2017 = {Proceedings of The 20th International Conference on Artificial Intelligence and Statistics (AISTATS 2017)}}
@string{aistats2018 = {Proceedings of The 21st International Conference on Artificial Intelligence and Statistics (AISTATS 2018)}}
@string{aistats2019 = {Proceedings of The 22nd International Conference on Artificial Intelligence and Statistics (AISTATS 2019)}}
@string{aistats2020 = {Proceedings of The 23rd International Conference on Artificial Intelligence and Statistics (AISTATS 2020)}}
@string{aistats2021 = {Proceedings of The 24th International Conference on Artificial Intelligence and Statistics (AISTATS 2021)}}

@string{iclr = {International Conference on Learning Representations (ICLR)}}

@article{garnelo2018neural,
    author={Garnelo, M. and Schwarz, J. and Rosenbaum, D. and Viola, F. and Rezende, D. J. and  Eslami, S. M. A. and Teh, Y. W.},
    title={Neural processes},
    journal={ICML Workshop on Theoretical Foundations and Applications of Deep Generative Models},
    year=2018
}

@inproceedings{garnelo2018conditional,
    author={Garnelo, M. and Rosenbaum, D. and Maddison, C. J. and Ramalho, T. and Saxton, D. and Shanahan, M. and Teh, Y. W. and Rezende, D. J. and Eslami, S. M. A.},
    title={Conditional neural processes},
    booktitle=icml2018,
    year=2018
}

@inproceedings{kim2018attentive,
    author={Kim, H. and Mnih, A. and Schwarz, J. and Garnelo, M. and Eslami, S. M. A. and Rosenbaum, D. and Oriol, V.},
    title={Attentive neural processes},
    booktitle=iclr,
    year=2018
}

@inproceedings{gordon2020convolutional,
    author={Gordon, J. and Bruinsma, W. P. and Foong, A. Y. K. and Requeima, J. and Dubois, Y. and Turner, R. E.},
    title={Convolutional conditional neural processes},
    booktitle=iclr,
    year=2020
}

@inproceedings{lee2020bootstrapping,
    author = {Lee, J. and Lee, Y. and Kim, J. and Yang, E. and Hwang, S. J. and Teh, Y. W.},
    title = {Bootstrapping neural processes},
    booktitle = neurips2020,
    year=2020
}

@article{de1937prevision,
  title={La pr{\'e}vision: ses lois logiques, ses sources subjectives},
  author={De Finetti, Bruno},
  journal={Annales de l'institut Henri Poincar{\'e}},
  volume={7},
  number={1},
  pages={1--68},
  year={1937}
}

@inproceedings{foong2020meta,
    author = {Foong, A. Y. K. and Bruinsma, W. P. and Gordon, J. and Dubois, Y. and Requeima, J. and Turner, R. E.},
    title = {Meta-learning stationary stochastic process prediction with convolutional neural processes},
    booktitle = neurips2020,
    year=2020
}

@article{lee2022neural,
  title={Neural Bootstrapping Attention for Neural Processes},
  author={Lee, Minsub and Park, Junhyun and Jang, Sojin and Lee, Chanhui and Cho, Hyungjoo and Shin, Minsuk and Lim, Sungbin},
  journal={Under Review for International Conference on Learning Representations (ICLR)},
  year={2022}
}

@inproceedings{zaheer2017deep,
  title={Deep sets},
  author={Zaheer, Manzil and Kottur, Satwik and Ravanbakhsh, Siamak and Poczos, Barnabas and Salakhutdinov, Russ R and Smola, Alexander J},
  booktitle=neurips2017,
  year=2017
}

@inproceedings{lee2019set,
  title={Set transformer: A framework for attention-based permutation-invariant neural networks},
  author={Lee, Juho and Lee, Yoonho and Kim, Jungtaek and Kosiorek, Adam and Choi, Seungjin and Teh, Yee Whye},
  booktitle=icml2019,
  year=2019
}

@inproceedings{kim2021setvae,
  title={Setvae: Learning hierarchical composition for generative modeling of set-structured data},
  author={Kim, Jinwoo and Yoo, Jaehoon and Lee, Juho and Hong, Seunghoon},
  booktitle={Proceedings of the IEEE/CVF Conference on Computer Vision and Pattern Recognition},
  pages={15059--15068},
  year={2021}
}
@article{fong2021martingale,
  title={Martingale posterior distributions},
  author={Fong, Edwin and Holmes, Chris and Walker, Stephen G},
  journal={arXiv preprint arXiv:2103.15671},
  year={2021}
}
@inproceedings{vaswani2017attention,
  title={Attention is all you need},
  author={Vaswani, Ashish and Shazeer, Noam and Parmar, Niki and Uszkoreit, Jakob and Jones, Llion and Gomez, Aidan N and Kaiser, {\L}ukasz and Polosukhin, Illia},
  booktitle=neurips2017,
  year=2017
}

@incollection{efron1992bootstrap,
  title={Bootstrap methods: another look at the jackknife},
  author={Efron, Bradley},
  booktitle={Breakthroughs in statistics},
  pages={569--593},
  year={1992},
  publisher={Springer}
}

@inproceedings{shin2021neural,
  title={Neural Bootstrapper},
  author={Shin, Minsuk and Cho, Hyungjoo and Min, Hyun-seok and Lim, Sungbin},
  booktitle=neurips2021,
  year=2021
}

@article{mohamed2016learning,
    author = {Mohamed, S. and Lakshminarayanan, B.},
    title = {Learning in implicit generative models},
    journal = {arxiv:1610.03483},
    year = 2016
}

@inproceedings{le2018empirical,
  title={Empirical evaluation of neural process objectives},
  author={Le, Tuan Anh and Kim, Hyunjik and Garnelo, Marta and Rosenbaum, Dan and Schwarz, Jonathan and Teh, Yee Whye},
  booktitle={NeurIPS workshop on Bayesian Deep Learning},
  pages={71},
  year={2018}
}

@article{brochu2010tutorial,
  title={A tutorial on Bayesian optimization of expensive cost functions, with application to active user modeling and hierarchical reinforcement learning},
  author={Brochu, Eric and Cora, Vlad M and De Freitas, Nando},
  journal={arXiv preprint arXiv:1012.2599},
  year={2010}
}

@inproceedings{louizos2019functional,
    title = {The functional neural process},
    author = {Louizos, C. and Shi, X. and Schutte, K. and Welling, M.},
    booktitle = neurips2019,
    year=2019
}

@article{lecun1998gradient,
  title     = {Gradient-based learning applied to document recognition},
  author    = {LeCun, Yann and Bottou, L{\'e}on and Bengio, Yoshua and Haffner, Patrick},
  journal   = {Proceedings of the IEEE},
  volume    = {86},
  number    = {11},
  pages     = {2278--2324},
  year      = {1998},
  publisher = {Ieee},
  URL       = {http://yann.lecun.com/exdb/mnist/},
}

@inproceedings{netzer2011reading,
  title     = {Reading Digits in Natural Images with Unsupervised Feature Learning},
  author    = {Yuval Netzer and Tao Wang and Adam Coates and Alessandro Bissacco and Bo Wu and Andrew Y. Ng},
  booktitle = {NIPS Workshop on Deep Learning and Unsupervised Feature Learning 2011},
  year      = {2011},
  URL       = {http://ufldl.stanford.edu/housenumbers/},
}

@inproceedings{liu2015faceattributes,
  title     = {Deep Learning Face Attributes in the Wild},
  author    = {Liu, Ziwei and Luo, Ping and Wang, Xiaogang and Tang, Xiaoou},
  booktitle = {Proceedings of International Conference on Computer Vision (ICCV)},
  year      = {2015},
  URL       = {http://mmlab.ie.cuhk.edu.hk/projects/CelebA.html},
}

@misc{jax2018github,
  author = {James Bradbury and Roy Frostig and Peter Hawkins and Matthew James Johnson and Chris Leary and Dougal Maclaurin and George Necula and Adam Paszke and Jake Vander{P}las and Skye Wanderman-{M}ilne and Qiao Zhang},
  title = {{JAX}: composable transformations of {P}ython+{N}um{P}y programs},
  url = {http://github.com/google/jax},
  version = {0.2.5},
  year = {2018},
}

@misc{flax2020github,
  author = {Jonathan Heek and Anselm Levskaya and Avital Oliver and Marvin Ritter and Bertrand Rondepierre and Andreas Steiner and Marc van {Z}ee},
  title = {{F}lax: A neural network library and ecosystem for {JAX}},
  url = {http://github.com/google/flax},
  version = {0.4.2},
  year = {2020},
}

@misc{optax2020github,
  author = {Matteo Hessel and David Budden and Fabio Viola and Mihaela Rosca
            and Eren Sezener and Tom Hennigan},
  title = {Optax: composable gradient transformation and optimisation, in JAX!},
  url = {http://github.com/deepmind/optax},
  version = {0.0.1},
  year = {2020},
}

@article{ba2016layer,
  title={Layer normalization},
  author={Ba, Jimmy Lei and Kiros, Jamie Ryan and Hinton, Geoffrey E},
  journal={arXiv preprint arXiv:1607.06450},
  year={2016}
}

@book{wilkinson2018stochastic,
  title     = {Stochastic modelling for systems biology},
  author    = {Wilkinson, Darren J},
  year      = {2018},
  publisher = {Chapman and Hall/CRC}
}

@inproceedings{kingma2015adam,
  title    = {Adam: A method for stochastic optimization},
  author   = {Kingma, Diederik P and Ba, Jimmy},
  booktitle = iclr,
  year     = {2015}
}

@article{gramacy2012cases,
  title     = {Cases for the nugget in modeling computer experiments},
  author    = {Gramacy, Robert B and Lee, Herbert KH},
  journal   = {Statistics and Computing},
  volume    = {22},
  number    = {3},
  pages     = {713--722},
  year      = {2012},
  publisher = {Springer}
}

@book{sobester2008engineering,
  title     = {Engineering design via surrogate modelling: a practical guide},
  author    = {Forrester, Alexander and Sobester, Andras and Keane, Andy},
  year      = {2008},
  publisher = {Wiley}
}

@article{wang2021automatic,
  title={Pre-trained Gaussian processes for Bayesian optimization},
  author={Wang, Zi and Dahl, George E and Swersky, Kevin and Lee, Chansoo and Mariet, Zelda and Nado, Zack and Gilmer, Justin and Snoek, Jasper and Ghahramani, Zoubin},
  journal={arXiv preprint arXiv:2109.08215},
  year={2022}
}
