@String(PAMI = {IEEE Trans. Pattern Anal. Mach. Intell.})
@String(IJCV = {Int. J. Comput. Vis.})
@String(CVPR= {IEEE Conf. Comput. Vis. Pattern Recog.})
@String(ICCV= {Int. Conf. Comput. Vis.})
@String(ECCV= {Eur. Conf. Comput. Vis.})
@String(NIPS= {Adv. Neural Inform. Process. Syst.})
@String(ICPR = {Int. Conf. Pattern Recog.})
@String(BMVC= {Brit. Mach. Vis. Conf.})
@String(TOG= {ACM Trans. Graph.})
@String(TIP  = {IEEE Trans. Image Process.})
@String(TVCG  = {IEEE Trans. Vis. Comput. Graph.})
@String(TMM  = {IEEE Trans. Multimedia})
@String(ACMMM= {ACM Int. Conf. Multimedia})
@String(ICME = {Int. Conf. Multimedia and Expo})
@String(ICASSP=	{ICASSP})
@String(ICIP = {IEEE Int. Conf. Image Process.})
@String(ACCV  = {ACCV})
@String(ICLR = {Int. Conf. Learn. Represent.})
@String(IJCAI = {IJCAI})
@String(PR   = {Pattern Recognition})
@String(AAAI = {AAAI})
@String(CVPRW= {IEEE Conf. Comput. Vis. Pattern Recog. Worksh.})
@String(CSVT = {IEEE Trans. Circuit Syst. Video Technol.})

@String(SPL	= {IEEE Sign. Process. Letters})
@String(VR   = {Vis. Res.})
@String(JOV	 = {J. Vis.})
@String(TVC  = {The Vis. Comput.})
@String(JCST  = {J. Comput. Sci. Tech.})
@String(CGF  = {Comput. Graph. Forum})
@String(CVM = {Computational Visual Media})


@String(PAMI  = {IEEE TPAMI})
@String(IJCV  = {IJCV})
@String(CVPR  = {CVPR})
@String(ICCV  = {ICCV})
@String(ECCV  = {ECCV})
@String(NIPS  = {NeurIPS})
@String(ICPR  = {ICPR})
@String(BMVC  =	{BMVC})
@String(TOG   = {ACM TOG})
@String(TIP   = {IEEE TIP})
@String(TVCG  = {IEEE TVCG})
@String(TCSVT = {IEEE TCSVT})
@String(TMM   =	{IEEE TMM})
@String(ACMMM = {ACM MM})
@String(ICME  =	{ICME})
@String(ICASSP=	{ICASSP})
@String(ICIP  = {ICIP})
@String(ACCV  = {ACCV})
@String(ICLR  = {ICLR})
@String(IJCAI = {IJCAI})
@String(PR = {PR})
@String(AAAI = {AAAI})
@String(CVPRW= {CVPRW})
@String(CSVT = {IEEE TCSVT})


@inproceedings{b1,
  title={Fast and robust detection of fallen people from a mobile robot},
  author={Antonello, Morris and Carraro, Marco and Pierobon, Marco and Menegatti, Emanuele},
  booktitle={2017 IEEE/RSJ international conference on intelligent robots and systems (IROS)},
  pages={4159--4166},
  year={2017},
  organization={IEEE}
}

@article{b2,
  title={Research on presence in virtual reality: A survey},
  author={Schuemie, Martijn J and Van Der Straaten, Peter and Krijn, Merel and Van Der Mast, Charles APG},
  journal={CyberPsychology \& Behavior},
  volume={4},
  number={2},
  pages={183--201},
  year={2001},
  publisher={Mary Ann Liebert, Inc.}
}

@inproceedings{b3,
  title={Pv-rcnn: Point-voxel feature set abstraction for 3d object detection},
  author={Shi, Shaoshuai and Guo, Chaoxu and Jiang, Li and Wang, Zhe and Shi, Jianping and Wang, Xiaogang and Li, Hongsheng},
  booktitle={Proceedings of the IEEE/CVF Conference on Computer Vision and Pattern Recognition},
  pages={10529--10538},
  year={2020}
}

@article{b4,
  title={Multi-modal 3d object detection in autonomous driving: a survey},
  author={Wang, Yingjie and Mao, Qiuyu and Zhu, Hanqi and Zhang, Yu and Ji, Jianmin and Zhang, Yanyong},
  journal={arXiv preprint arXiv:2106.12735},
  year={2021}
}

@article{b5,
  title={AutoAlign: Pixel-Instance Feature Aggregation for Multi-Modal 3D Object Detection},
  author={Chen, Zehui and Li, Zhenyu and Zhang, Shiquan and Fang, Liangji and Jiang, Qinghong and Zhao, Feng and Zhou, Bolei and Zhao, Hang},
  journal={arXiv preprint arXiv:2201.06493},
  year={2022}
}

@inproceedings{b6,
  title={nuscenes: A multimodal dataset for autonomous driving},
  author={Caesar, Holger and Bankiti, Varun and Lang, Alex H and Vora, Sourabh and Liong, Venice Erin and Xu, Qiang and Krishnan, Anush and Pan, Yu and Baldan, Giancarlo and Beijbom, Oscar},
  booktitle={Proceedings of the IEEE/CVF conference on computer vision and pattern recognition},
  pages={11621--11631},
  year={2020}
}

@article{b7,
  title={Bevdepth: Acquisition of reliable depth for multi-view 3d object detection},
  author={Li, Yinhao and Ge, Zheng and Yu, Guanyi and Yang, Jinrong and Wang, Zengran and Shi, Yukang and Sun, Jianjian and Li, Zeming},
  journal={arXiv preprint arXiv:2206.10092},
  year={2022}
}

@article{b8,
  title={Bevstereo: Enhancing depth estimation in multi-view 3d object detection with dynamic temporal stereo},
  author={Li, Yinhao and Bao, Han and Ge, Zheng and Yang, Jinrong and Sun, Jianjian and Li, Zeming},
  journal={arXiv preprint arXiv:2209.10248},
  year={2022}
}

@article{b9,
  title={BEVDistill: Cross-Modal BEV Distillation for Multi-View 3D Object Detection},
  author={Chen, Zehui and Li, Zhenyu and Zhang, Shiquan and Fang, Liangji and Jiang, Qinhong and Zhao, Feng},
  journal={arXiv preprint arXiv:2211.09386},
  year={2022}
}

@article{b10,
  title={BEV-LGKD: A Unified LiDAR-Guided Knowledge Distillation Framework for BEV 3D Object Detection},
  author={Li, Jianing and Lu, Ming and Liu, Jiaming and Guo, Yandong and Du, Li and Zhang, Shanghang},
  journal={arXiv preprint arXiv:2212.00623},
  year={2022}
}

@article{b11,
  title={BEVFormer: Learning Bird's-Eye-View Representation from Multi-Camera Images via Spatiotemporal Transformers},
  author={Li, Zhiqi and Wang, Wenhai and Li, Hongyang and Xie, Enze and Sima, Chonghao and Lu, Tong and Yu, Qiao and Dai, Jifeng},
  journal={arXiv preprint arXiv:2203.17270},
  year={2022}
}

@InProceedings{b12,
    author    = {Wang, Tai and Zhu, Xinge and Pang, Jiangmiao and Lin, Dahua},
    title     = {FCOS3D: Fully Convolutional One-Stage Monocular 3D Object Detection},
    booktitle = {Proceedings of the IEEE/CVF International Conference on Computer Vision (ICCV) Workshops},
    month     = {October},
    year      = {2021},
    pages     = {913-922}
}

@InProceedings{b13,
  title = 	 {DETR3D: 3D Object Detection from Multi-view Images via 3D-to-2D Queries},
  author =       {Wang, Yue and Guizilini, Vitor Campagnolo and Zhang, Tianyuan and Wang, Yilun and Zhao, Hang and Solomon, Justin},
  booktitle = 	 {Proceedings of the 5th Conference on Robot Learning},
  pages = 	 {180--191},
  year = 	 {2022},
  editor = 	 {Faust, Aleksandra and Hsu, David and Neumann, Gerhard},
  volume = 	 {164},
  series = 	 {Proceedings of Machine Learning Research},
  month = 	 {08--11 Nov},
}

@inproceedings{b14,
  title={Voxel r-cnn: Towards high performance voxel-based 3d object detection},
  author={Deng, Jiajun and Shi, Shaoshuai and Li, Peiwei and Zhou, Wengang and Zhang, Yanyong and Li, Houqiang},
  booktitle={Proceedings of the AAAI Conference on Artificial Intelligence},
  volume={35},
  number={2},
  pages={1201--1209},
  year={2021}
}

@inproceedings{b15,
  title={Pointrcnn: 3d object proposal generation and detection from point cloud},
  author={Shi, Shaoshuai and Wang, Xiaogang and Li, Hongsheng},
  booktitle={Proceedings of the IEEE/CVF conference on computer vision and pattern recognition},
  pages={770--779},
  year={2019}
}

@article{b16,
  title={Fixing Weight Decay Regularization in Adam},
  author={Ilya Loshchilov and Frank Hutter},
  journal={ArXiv},
  year={2017},
  volume={abs/1711.05101}
}


@inproceedings{b17,
  title={Probabilistic and geometric depth: Detecting objects in perspective},
  author={Wang, Tai and Xinge, ZHU and Pang, Jiangmiao and Lin, Dahua},
  booktitle={Conference on Robot Learning},
  pages={1475--1485},
  year={2022},
  organization={PMLR}
}

@inproceedings{b18,
  title={End-to-end object detection with transformers},
  author={Carion, Nicolas and Massa, Francisco and Synnaeve, Gabriel and Usunier, Nicolas and Kirillov, Alexander and Zagoruyko, Sergey},
  booktitle={European conference on computer vision},
  pages={213--229},
  year={2020},
  organization={Springer}
}

@article{b19,
  title={Bevdet: High-performance multi-camera 3d object detection in bird-eye-view},
  author={Huang, Junjie and Huang, Guan and Zhu, Zheng and Du, Dalong},
  journal={arXiv preprint arXiv:2112.11790},
  year={2021}
}

@inproceedings{b20,
  title={Lift, splat, shoot: Encoding images from arbitrary camera rigs by implicitly unprojecting to 3d},
  author={Philion, Jonah and Fidler, Sanja},
  booktitle={European Conference on Computer Vision},
  pages={194--210},
  year={2020},
  organization={Springer}
}

@article{b21,
  title={Petr: Position embedding transformation for multi-view 3d object detection},
  author={Liu, Yingfei and Wang, Tiancai and Zhang, Xiangyu and Sun, Jian},
  journal={arXiv preprint arXiv:2203.05625},
  year={2022}
}

@article{b22,
  title={Polarformer: Multi-camera 3d object detection with polar transformers},
  author={Jiang, Yanqin and Zhang, Li and Miao, Zhenwei and Zhu, Xiatian and Gao, Jin and Hu, Weiming and Jiang, Yu-Gang},
  journal={arXiv preprint arXiv:2206.15398},
  year={2022}
}

@article{b23,
  title={Bevdet4d: Exploit temporal cues in multi-camera 3d object detection},
  author={Huang, Junjie and Huang, Guan},
  journal={arXiv preprint arXiv:2203.17054},
  year={2022}
}

@article{b24,
  title={PETRv2: A Unified Framework for 3D Perception from Multi-Camera Images},
  author={Liu, Yingfei and Yan, Junjie and Jia, Fan and Li, Shuailin and Gao, Qi and Wang, Tiancai and Zhang, Xiangyu and Sun, Jian},
  journal={arXiv preprint arXiv:2206.01256},
  year={2022}
}

@article{b25,
  title={Unifying Voxel-based Representation with Transformer for 3D Object Detection},
  author={Li, Yanwei and Chen, Yilun and Qi, Xiaojuan and Li, Zeming and Sun, Jian and Jia, Jiaya},
  journal={arXiv preprint arXiv:2206.00630},
  year={2022}
}

@inproceedings{b26,
  title={Adabins: Depth estimation using adaptive bins},
  author={Bhat, Shariq Farooq and Alhashim, Ibraheem and Wonka, Peter},
  booktitle={Proceedings of the IEEE/CVF Conference on Computer Vision and Pattern Recognition},
  pages={4009--4018},
  year={2021}
}

@inproceedings{b27,
  title={Deep ordinal regression network for monocular depth estimation},
  author={Fu, Huan and Gong, Mingming and Wang, Chaohui and Batmanghelich, Kayhan and Tao, Dacheng},
  booktitle={Proceedings of the IEEE conference on computer vision and pattern recognition},
  pages={2002--2011},
  year={2018}
}

@article{b28,
  title={Depth map prediction from a single image using a multi-scale deep network},
  author={Eigen, David and Puhrsch, Christian and Fergus, Rob},
  journal={Advances in neural information processing systems},
  volume={27},
  year={2014}
}

@inproceedings{b29,
  title={On the uncertainty of self-supervised monocular depth estimation},
  author={Poggi, Matteo and Aleotti, Filippo and Tosi, Fabio and Mattoccia, Stefano},
  booktitle={Proceedings of the IEEE/CVF Conference on Computer Vision and Pattern Recognition},
  pages={3227--3237},
  year={2020}
}

@inproceedings{b30,
  title={Vision transformers for dense prediction},
  author={Ranftl, Ren{\'e} and Bochkovskiy, Alexey and Koltun, Vladlen},
  booktitle={Proceedings of the IEEE/CVF International Conference on Computer Vision},
  pages={12179--12188},
  year={2021}
}

@article{b31,
  title={SurroundDepth: Entangling Surrounding Views for Self-Supervised Multi-Camera Depth Estimation},
  author={Wei, Yi and Zhao, Linqing and Zheng, Wenzhao and Zhu, Zheng and Rao, Yongming and Huang, Guan and Lu, Jiwen and Zhou, Jie},
  journal={arXiv preprint arXiv:2204.03636},
  year={2022}
}

@article{b32,
  title={Full surround monodepth from multiple cameras},
  author={Guizilini, Vitor and Vasiljevic, Igor and Ambrus, Rares and Shakhnarovich, Greg and Gaidon, Adrien},
  journal={IEEE Robotics and Automation Letters},
  volume={7},
  number={2},
  pages={5397--5404},
  year={2022},
  publisher={IEEE}
}

@inproceedings{b33,
  title={Ga-net: Guided aggregation net for end-to-end stereo matching},
  author={Zhang, Feihu and Prisacariu, Victor and Yang, Ruigang and Torr, Philip HS},
  booktitle={Proceedings of the IEEE/CVF Conference on Computer Vision and Pattern Recognition},
  pages={185--194},
  year={2019}
}

@inproceedings{b34,
  title={Cfnet: Cascade and fused cost volume for robust stereo matching},
  author={Shen, Zhelun and Dai, Yuchao and Rao, Zhibo},
  booktitle={Proceedings of the IEEE/CVF Conference on Computer Vision and Pattern Recognition},
  pages={13906--13915},
  year={2021}
}

@inproceedings{b35,
  title={Rethinking Depth Estimation for Multi-View Stereo: A Unified Representation},
  author={Peng, Rui and Wang, Rongjie and Wang, Zhenyu and Lai, Yawen and Wang, Ronggang},
  booktitle={Proceedings of the IEEE/CVF Conference on Computer Vision and Pattern Recognition},
  pages={8645--8654},
  year={2022}
}

@inproceedings{b36,
  title={DID-M3D: Decoupling Instance Depth for Monocular 3D Object Detection},
  author={Peng, Liang and Wu, Xiaopei and Yang, Zheng and Liu, Haifeng and Cai, Deng},
  booktitle={European Conference on Computer Vision},
  pages={71--88},
  year={2022},
  organization={Springer}
}

@article{b37,
  title={Paying more attention to attention: Improving the performance of convolutional neural networks via attention transfer},
  author={Zagoruyko, Sergey and Komodakis, Nikos},
  journal={arXiv preprint arXiv:1612.03928},
  year={2016}
}

@article{b38,
  title={Like what you like: Knowledge distill via neuron selectivity transfer},
  author={Huang, Zehao and Wang, Naiyan},
  journal={arXiv preprint arXiv:1707.01219},
  year={2017}
}

@inproceedings{b39,
  title={Exploring inter-channel correlation for diversity-preserved knowledge distillation},
  author={Liu, Li and Huang, Qingle and Lin, Sihao and Xie, Hongwei and Wang, Bing and Chang, Xiaojun and Liang, Xiaodan},
  booktitle={Proceedings of the IEEE/CVF International Conference on Computer Vision},
  pages={8271--8280},
  year={2021}
}

@inproceedings{b40,
  title={Similarity-preserving knowledge distillation},
  author={Tung, Frederick and Mori, Greg},
  booktitle={Proceedings of the IEEE/CVF International Conference on Computer Vision},
  pages={1365--1374},
  year={2019}
}

@article{b41,
  title={Knowledge augmented deep neural networks for joint facial expression and action unit recognition},
  author={Cui, Zijun and Song, Tengfei and Wang, Yuru and Ji, Qiang},
  journal={Advances in Neural Information Processing Systems},
  volume={33},
  pages={14338--14349},
  year={2020}
}

@inproceedings{b42,
  title={Spatio-temporal graph for video captioning with knowledge distillation},
  author={Pan, Boxiao and Cai, Haoye and Huang, De-An and Lee, Kuan-Hui and Gaidon, Adrien and Adeli, Ehsan and Niebles, Juan Carlos},
  booktitle={Proceedings of the IEEE/CVF Conference on Computer Vision and Pattern Recognition},
  pages={10870--10879},
  year={2020}
}

@inproceedings{b43,
  title={General instance distillation for object detection},
  author={Dai, Xing and Jiang, Zeren and Wu, Zhao and Bao, Yiping and Wang, Zhicheng and Liu, Si and Zhou, Erjin},
  booktitle={Proceedings of the IEEE/CVF Conference on Computer Vision and Pattern Recognition},
  pages={7842--7851},
  year={2021}
}

@article{b44,
  title={Learning efficient object detection models with knowledge distillation},
  author={Chen, Guobin and Choi, Wongun and Yu, Xiang and Han, Tony and Chandraker, Manmohan},
  journal={Advances in neural information processing systems},
  volume={30},
  year={2017}
}

@inproceedings{b45,
  title={Point-to-Voxel Knowledge Distillation for LiDAR Semantic Segmentation},
  author={Hou, Yuenan and Zhu, Xinge and Ma, Yuexin and Loy, Chen Change and Li, Yikang},
  booktitle={Proceedings of the IEEE/CVF Conference on Computer Vision and Pattern Recognition},
  pages={8479--8488},
  year={2022}
}

@inproceedings{b46,
  title={Intra-class feature variation distillation for semantic segmentation},
  author={Wang, Yukang and Zhou, Wei and Jiang, Tao and Bai, Xiang and Xu, Yongchao},
  booktitle={European Conference on Computer Vision},
  pages={346--362},
  year={2020},
  organization={Springer}
}

@article{b47,
  title={Monodetr: Depth-aware transformer for monocular 3d object detection},
  author={Zhang, Renrui and Qiu, Han and Wang, Tai and Xu, Xuanzhuo and Guo, Ziyu and Qiao, Yu and Gao, Peng and Li, Hongsheng},
  journal={arXiv preprint arXiv:2203.13310},
  year={2022}
}

@article{b48,
  title={MonoDETR: Depth-guided Transformer for Monocular 3D Object Detection},
  author={Zhang, Renrui and Qiu, Han and Wang, Tai and Xu, Xuanzhuo and Guo, Ziyu and Qiao, Yu and Gao, Peng and Li, Hongsheng},
  journal={arXiv preprint arXiv:2203.13310},
  year={2022}
}

@article{b49,
  title={Learning 3D Representations from 2D Pre-trained Models via Image-to-Point Masked Autoencoders},
  author={Zhang, Renrui and Wang, Liuhui and Qiao, Yu and Gao, Peng and Li, Hongsheng},
  journal={arXiv preprint arXiv:2212.06785},
  year={2022}
}

@article{b50,
  title={Learning from 2D: Contrastive Pixel-to-Point Knowledge Transfer for 3D Pretraining},
  author={Liu, Yueh-Cheng and Huang, Yu-Kai and Chiang, Hung-Yueh and Su, Hung-Ting and Liu, Zhe-Yu and Chen, Chin-Tang and Tseng, Ching-Yu and Hsu, Winston H},
  journal={arXiv preprint arXiv:2104.04687},
  year={2021}
}

@inproceedings{b51,
  title={Categorical depth distribution network for monocular 3d object detection},
  author={Reading, Cody and Harakeh, Ali and Chae, Julia and Waslander, Steven L},
  booktitle={Proceedings of the IEEE/CVF Conference on Computer Vision and Pattern Recognition},
  pages={8555--8564},
  year={2021}
}

@inproceedings{b52,
  title={Cross-Modality Knowledge Distillation Network for Monocular 3D Object Detection},
  author={Hong, Yu and Dai, Hang and Ding, Yong},
  booktitle={European Conference on Computer Vision},
  pages={87--104},
  year={2022},
  organization={Springer}
}

@inproceedings{b53,
  title={Center-based 3d object detection and tracking},
  author={Yin, Tianwei and Zhou, Xingyi and Krahenbuhl, Philipp},
  booktitle={Proceedings of the IEEE/CVF conference on computer vision and pattern recognition},
  pages={11784--11793},
  year={2021}
}

@inproceedings{b54,
  title={Feature pyramid networks for object detection},
  author={Lin, Tsung-Yi and Doll{\'a}r, Piotr and Girshick, Ross and He, Kaiming and Hariharan, Bharath and Belongie, Serge},
  booktitle={Proceedings of the IEEE conference on computer vision and pattern recognition},
  pages={2117--2125},
  year={2017}
}

@misc{b55,
    title={{MMDetection3D: OpenMMLab} next-generation platform for general {3D} object detection},
    author={MMDetection3D Contributors},
    howpublished = {\url{https://github.com/open-mmlab/mmdetection3d}},
    year={2020}
}

@article{b56,
  title={Class-balanced grouping and sampling for point cloud 3d object detection},
  author={Zhu, Benjin and Jiang, Zhengkai and Zhou, Xiangxin and Li, Zeming and Yu, Gang},
  journal={arXiv preprint arXiv:1908.09492},
  year={2019}
}

@inproceedings{b57,
  title={Deep residual learning for image recognition},
  author={He, Kaiming and Zhang, Xiangyu and Ren, Shaoqing and Sun, Jian},
  booktitle={Proceedings of the IEEE conference on computer vision and pattern recognition},
  pages={770--778},
  year={2016}
}

@inproceedings{b58,
  title={Voxelnet: End-to-end learning for point cloud based 3d object detection},
  author={Zhou, Yin and Tuzel, Oncel},
  booktitle={Proceedings of the IEEE conference on computer vision and pattern recognition},
  pages={4490--4499},
  year={2018}
}

@article{b59,
  title={Distillation with Contrast is All You Need for Self-Supervised Point Cloud Representation Learning},
  author={Fu, Kexue and Gao, Peng and Zhang, Renrui and Li, Hongsheng and Qiao, Yu and Wang, Manning},
  journal={arXiv preprint arXiv:2202.04241},
  year={2022}
}

@inproceedings{b60,
  title={Image-to-lidar self-supervised distillation for autonomous driving data},
  author={Sautier, Corentin and Puy, Gilles and Gidaris, Spyros and Boulch, Alexandre and Bursuc, Andrei and Marlet, Renaud},
  booktitle={Proceedings of the IEEE/CVF Conference on Computer Vision and Pattern Recognition},
  pages={9891--9901},
  year={2022}
}

@inproceedings{b61,
  title={Is pseudo-lidar needed for monocular 3d object detection?},
  author={Park, Dennis and Ambrus, Rares and Guizilini, Vitor and Li, Jie and Gaidon, Adrien},
  booktitle={Proceedings of the IEEE/CVF International Conference on Computer Vision},
  pages={3142--3152},
  year={2021}
}

@inproceedings{b62,
  title={Can Language Understand Depth?},
  author={Zhang, Renrui and Zeng, Ziyao and Guo, Ziyu and Li, Yafeng},
  booktitle={Proceedings of the 30th ACM International Conference on Multimedia},
  pages={6868--6874},
  year={2022}
}



































