@inproceedings{cho2014properties,
  title={On the Properties of Neural Machine Translation: Encoder--Decoder Approaches},
  author={Cho, Kyunghyun and van Merri{\"e}nboer, Bart and Bahdanau, Dzmitry and Bengio, Yoshua},
  booktitle={Proceedings of SSST-8, Eighth Workshop on Syntax, Semantics and Structure in Statistical Translation},
  pages={103--111},
  year={2014}
}
@book{cannon1984one,
  title={The one-dimensional heat equation},
  author={Cannon, John Rozier},
  number={23},
  year={1984},
  publisher={Cambridge University Press}
}

@inproceedings{he2016resnet,
  title={Deep residual learning for image recognition},
  author={He, Kaiming and Zhang, Xiangyu and Ren, Shaoqing and Sun, Jian},
  booktitle={Proceedings of the IEEE conference on computer vision and pattern recognition},
  pages={770--778},
  year={2016}
}
@article{trong2005nonhomogeneous,
  title={Nonhomogeneous heat equation: Identification and regularization for the inhomogeneous term},
  author={Trong, Dang Duc and Long, Nguyen Thanh and Alain, Pham Ngoc Dinh},
  journal={Journal of mathematical analysis and applications},
  volume={312},
  number={1},
  pages={93--104},
  year={2005},
  publisher={Elsevier}
}
@misc{RumourEval_2019_dataset,
  doi = {10.6084/M9.FIGSHARE.8845580.V1},
  url = {https://figshare.com/articles/RumourEval\_2019\_data/8845580/1},
  author = {Derczynski,  Leon and Gorrell,  Genevieve and Zubiaga,  Arkaitz and Aker,  Ahmet and Bontcheva,  Kalina and Liakata,  Maria and Kochkina,  Elena},
  keywords = {80107 Natural Language Processing,  FOS: Computer and information sciences,  FOS: Computer and information sciences},
  title = {RumourEval 2019 data},
  publisher = {figshare},
  year = {2019},
  copyright = {Creative Commons Attribution 4.0 International}
}
@ARTICLE{ren17,
  author={Ren, Shaoqing and He, Kaiming and Girshick, Ross and Sun, Jian},
  journal={IEEE Transactions on Pattern AnalFuciysis and Machine Intelligence}, 
  title={Faster {R-CNN}: Towards Real-Time Object Detection with Region Proposal Networks}, 
  year={2017},
  volume={39},
  number={6},
  pages={1137-1149},
  }
  @inproceedings{xu2022infinitely,
  title={Infinitely deep bayesian neural networks with stochastic differential equations},
  author={Xu, Winnie and Chen, Ricky TQ and Li, Xuechen and Duvenaud, David},
  booktitle={International Conference on Artificial Intelligence and Statistics},
  pages={721--738},
  year={2022},
  organization={PMLR}
}
@inproceedings{brandstetter2021message,
  title={Message Passing Neural {PDE} Solvers},
  author={Brandstetter, Johannes and Worrall, Daniel E and Welling, Max},
  booktitle={International Conference on Learning Representations},
  year={2021}
}
@article{kimura2009dormand,
  title={On dormand-prince method},
  author={Kimura, Toshinori},
  journal={Japan Malaysia Technical Institute},
  volume={40},
  number={10},
  pages={1--9},
  year={2009},
  publisher={Citeseer}
}
@inproceedings{zhuang2020adaptive,
  title={Adaptive checkpoint adjoint method for gradient estimation in neural ode},
  author={Zhuang, Juntang and Dvornek, Nicha and Li, Xiaoxiao and Tatikonda, Sekhar and Papademetris, Xenophon and Duncan, James},
  booktitle={International Conference on Machine Learning},
  pages={11639--11649},
  year={2020},
  organization={PMLR}
}
@inproceedings{spatio-temp,
  title={Neural Spatio-Temporal Point Processes},
  author={Chen, Ricky TQ and Amos, Brandon and Nickel, Maximilian},
  booktitle={International Conference on Learning Representations},
  year={2020}
}

@article{deeprnn,
  title={Training and analysing deep recurrent neural networks},
  author={Hermans, Michiel and Schrauwen, Benjamin},
  journal={Advances in neural information processing systems},
  volume={26},
  year={2013}
}
@article{zubov2021neuralpde,
  title={NeuralPDE: Automating Physics-Informed Neural Networks ({PINNs}) with Error Approximations},
  author={Zubov, Kirill and McCarthy, Zoe and Ma, Yingbo and Calisto, Francesco and Pagliarino, Valerio and Azeglio, Simone and Bottero, Luca and Luj{\'a}n, Emmanuel and Sulzer, Valentin and Bharambe, Ashutosh and others},
  journal={arXiv e-prints},
  pages={arXiv--2107},
  year={2021}
}
@article{brockman2016openai,
  title={Openai gym},
  author={Brockman, Greg and Cheung, Vicki and Pettersson, Ludwig and Schneider, Jonas and Schulman, John and Tang, Jie and Zaremba, Wojciech},
  journal={arXiv preprint arXiv:1606.01540},
  year={2016}
}
@inproceedings{kong2020sde,
  title={SDE-Net: Equipping Deep Neural Networks with Uncertainty Estimates},
  author={Kong, Lingkai and Sun, Jimeng and Zhang, Chao},
  booktitle={International Conference on Machine Learning},
  pages={5405--5415},
  year={2020},
  organization={PMLR}
}
@inproceedings{ndde,
  title={Neural Delay Differential Equations},
  author={Zhu, Qunxi and Guo, Yao and Lin, Wei},
  booktitle={International Conference on Learning Representations},
  year={2020}
}
@inproceedings{ddnn,
  title={Delay Differential Neural Networks},
  author={Anumasa, Srinivas and PK, Srijith},
  booktitle={2021 6th International Conference on Machine Learning Technologies},
  pages={117--121},
  year={2021}
}
@ARTICLE{he20,
  author={He, Kaiming and Gkioxari, Georgia and Doll√°r, Piotr and Girshick, Ross},
  journal={IEEE Transactions on Pattern Analysis and Machine Intelligence}, 
  title={{Mask R-CNN}}, 
  year={2020},
  volume={42},
  number={2},
  pages={386-397},
}  
@inproceedings{wang2019hierarchical,
  title={Hierarchical attention network for image captioning},
  author={Wang, Weixuan and Chen, Zhihong and Hu, Haifeng},
  booktitle={Proceedings of the AAAI Conference on Artificial Intelligence},
  volume={33},
  number={01},
  pages={8957--8964},
  year={2019}
}  
@article{de2019gru,
  title={{GRU-ODE-Bayes}: Continuous modeling of sporadically-observed time series},
  author={De Brouwer, Edward and Simm, Jaak and Arany, Adam and Moreau, Yves},
  journal={Advances in neural information processing systems},
  volume={32},
  year={2019}
}
@article{neil2016phased,
  title={Phased lstm: Accelerating recurrent network training for long or event-based sequences},
  author={Neil, Daniel and Pfeiffer, Michael and Liu, Shih-Chii},
  journal={Advances in neural information processing systems},
  volume={29},
  year={2016}
}
@article{ctlstm,
  title={The neural hawkes process: A neurally self-modulating multivariate point process},
  author={Mei, Hongyuan and Eisner, Jason M},
  journal={Advances in neural information processing systems},
  volume={30},
  year={2017}
}
@inproceedings{node,
  title={Neural ordinary differential equations},
  author={Chen, Ricky TQ and Rubanova, Yulia and Bettencourt, Jesse and Duvenaud, David K},
  booktitle={Advances in neural information processing systems},
  pages={6571--6583},
  year={2018}
}
@inproceedings{gru,
  title={On the Properties of Neural Machine Translation: Encoder--Decoder Approaches},
  author={Cho, Kyunghyun and van Merri{\"e}nboer, Bart and Bahdanau, Dzmitry and Bengio, Yoshua},
  booktitle={Proceedings of SSST-8, Eighth Workshop on Syntax, Semantics and Structure in Statistical Translation},
  pages={103--111},
  year={2014}
}
@article{lstm,
  title={Long short-term memory},
  author={Hochreiter, Sepp and Schmidhuber, J{\"u}rgen},
  journal={Neural computation},
  volume={9},
  number={8},
  pages={1735--1780},
  year={1997},
  publisher={MIT Press}
}
@inproceedings{robustode,
  title={On Robustness of Neural Ordinary Differential Equations},
  author={Hanshu, YAN and Jiawei, DU and Vincent, TAN and Jiashi, FENG},
  booktitle={International Conference on Learning Representations},
  year={2019}
}
@article{rubanova2019latent,
  title={Latent ordinary differential equations for irregularly-sampled time series},
  author={Rubanova, Yulia and Chen, Ricky TQ and Duvenaud, David K},
  journal={Advances in neural information processing systems},
  volume={32},
  year={2019}
}
@inproceedings{lu2018beyond,
  title={Beyond finite layer neural networks: Bridging deep architectures and numerical differential equations},
  author={Lu, Yiping and Zhong, Aoxiao and Li, Quanzheng and Dong, Bin},
  booktitle={International Conference on Machine Learning},
  pages={3276--3285},
  year={2018},
  organization={PMLR}
}
@article{haber2017stable,
  title={Stable architectures for deep neural networks},
  author={Haber, Eldad and Ruthotto, Lars},
  journal={Inverse problems},
  volume={34},
  number={1},
  pages={014004},
  year={2017},
  publisher={IOP Publishing}
}
@misc{asuncion2007uci,
  title={{UCI} machine learning repository},
  author={Asuncion, Arthur and Newman, David},
  year={2007},
  publisher={Irvine, CA, USA}
}
@article{lechner2020learning,
  title={Learning long-term dependencies in irregularly-sampled time series},
  author={Lechner, Mathias and Hasani, Ramin},
  journal={arXiv preprint arXiv:2006.04418},
  year={2020}
}
@article{odernn,
  title={Latent ordinary differential equations for irregularly-sampled time series},
  author={Rubanova, Yulia and Chen, Ricky TQ and Duvenaud, David K},
  journal={Advances in neural information processing systems},
  volume={32},
  year={2019}
}

@article{ctrnn,
  title={Approximation of dynamical systems by continuous time recurrent neural networks},
  author={Funahashi, Ken-ichi and Nakamura, Yuichi},
  journal={Neural networks},
  volume={6},
  number={6},
  pages={801--806},
  year={1993},
  publisher={Elsevier}
}
@article{ctgru,
  title={Discrete event, continuous time {RNNs}},
  author={Mozer, Michael C and Kazakov, Denis and Lindsey, Robert V},
  journal={arXiv preprint arXiv:1710.04110},
  year={2017}
}
@article{grud,
  title={Recurrent neural networks for multivariate time series with missing values},
  author={Che, Zhengping and Purushotham, Sanjay and Cho, Kyunghyun and Sontag, David and Liu, Yan},
  journal={Scientific reports},
  volume={8},
  number={1},
  pages={1--12},
  year={2018},
  publisher={Nature Publishing Group}
}

@article{recktenwald2004finite,
  title={Finite-difference approximations to the heat equation},
  author={Recktenwald, Gerald W},
  journal={Mechanical Engineering},
  volume={10},
  number={01},
  year={2004}
}

@book{schiesser2012numerical,
  title={The numerical method of lines: integration of partial differential equations},
  author={Schiesser, William E},
  year={2012},
  publisher={Elsevier}
}

@article{schuster1997bidirectional,
  title={Bidirectional recurrent neural networks},
  author={Schuster, Mike and Paliwal, Kuldip K},
  journal={IEEE transactions on Signal Processing},
  volume={45},
  number={11},
  pages={2673--2681},
  year={1997},
  publisher={Ieee}
}
@article{hawk,
  title={The neural hawkes process: A neurally self-modulating multivariate point process},
  author={Mei, Hongyuan and Eisner, Jason M},
  journal={Advances in neural information processing systems},
  volume={30},
  year={2017}
}

@misc{Yihaoneuralpde,
  doi = {10.48550/ARXIV.2009.03892},
  
  url = {https://arxiv.org/abs/2009.03892},
  
  author = {Hu, Yihao and Zhao, Tong and Xu, Shixin and Xu, Zhiliang and Lin, Lizhen},
  
  keywords = {Numerical Analysis (math.NA), Machine Learning (cs.LG), Machine Learning (stat.ML), FOS: Mathematics, FOS: Mathematics, FOS: Computer and information sciences, FOS: Computer and information sciences},
  
  title = {{Neural-PDE}: A {RNN} based neural network for solving time dependent {PDEs}},
  
  publisher = {arXiv},
  
  year = {2020},
  
  copyright = {arXiv.org perpetual, non-exclusive license}
}

@misc{RuthottoDNNpde,
  doi = {10.48550/ARXIV.1804.04272},
  
  url = {https://arxiv.org/abs/1804.04272},
  
  author = {Ruthotto, Lars and Haber, Eldad},
  
  keywords = {Machine Learning (cs.LG), Optimization and Control (math.OC), Machine Learning (stat.ML), FOS: Computer and information sciences, FOS: Computer and information sciences, FOS: Mathematics, FOS: Mathematics, 65K10, 68T45},
  
  title = {Deep Neural Networks Motivated by Partial Differential Equations},
  
  publisher = {arXiv},
  
  year = {2018},
  
  copyright = {arXiv.org perpetual, non-exclusive license}
}

@misc{benjamingrand,
  doi = {10.48550/ARXIV.2106.10934},
  
  url = {https://arxiv.org/abs/2106.10934},
  
  author = {Chamberlain, Benjamin Paul and Rowbottom, James and Gorinova, Maria and Webb, Stefan and Rossi, Emanuele and Bronstein, Michael M.},
  
  keywords = {Machine Learning (cs.LG), Machine Learning (stat.ML), FOS: Computer and information sciences, FOS: Computer and information sciences},
  
  title = {GRAND: Graph Neural Diffusion},
  
  publisher = {arXiv},
  
  year = {2021},
  
  copyright = {Creative Commons Attribution 4.0 International}
}