@article{joshi2023multi,
  title={gRNAde: Geometric Deep Learning for 3D RNA inverse design},
  author={Joshi, Chaitanya K. and Jamasb, Arian R. and Vi{\~n}as, Ramon and Harris, Charles and Mathis, Simon and Morehead, Alex and Anand, Rishabh and Li{\`o}, Pietro},
  journal={ICML 2023 Workshop on Computational Biology},
  year={2023},
}

@article{baek2021accurate,
  title={Accurate prediction of protein structures and interactions using a three-track neural network},
  author={Baek, Minkyung and DiMaio, Frank and Anishchenko, Ivan and Dauparas, Justas and Ovchinnikov, Sergey and Lee, Gyu Rie and Wang, Jue and Cong, Qian and Kinch, Lisa N and Schaeffer, R Dustin and others},
  journal={Science},
  volume={373},
  number={6557},
  pages={871--876},
  year={2021},
  publisher={American Association for the Advancement of Science}
}

@article{bose2023se,
  title={Se (3)-stochastic flow matching for protein backbone generation},
  author={Bose, Avishek Joey and Akhound-Sadegh, Tara and Fatras, Kilian and Huguet, Guillaume and Rector-Brooks, Jarrid and Liu, Cheng-Hao and Nica, Andrei Cristian and Korablyov, Maksym and Bronstein, Michael and Tong, Alexander},
  journal={arXiv preprint arXiv:2310.02391},
  year={2023}
}

@article{yim2023se,
  title={SE (3) diffusion model with application to protein backbone generation},
  author={Yim, Jason and Trippe, Brian L and De Bortoli, Valentin and Mathieu, Emile and Doucet, Arnaud and Barzilay, Regina and Jaakkola, Tommi},
  journal={arXiv preprint arXiv:2302.02277},
  year={2023}
}

@article{gold2015selex,
  title={SELEX: How it happened and where it will go},
  author={Gold, Larry},
  journal={Journal of Molecular Evolution},
  volume={81},
  number={5-6},
  pages={140--143},
  year={2015},
  publisher={Springer}
}

@article{wadley2007evaluating,
  title={Evaluating and learning from RNA pseudotorsional space: quantitative validation of a reduced representation for RNA structure},
  author={Wadley, Leven M and Keating, Kevin S and Duarte, Carlos M and Pyle, Anna Marie},
  journal={Journal of molecular biology},
  volume={372},
  number={4},
  pages={942--957},
  year={2007},
  publisher={Elsevier}
}

@article{liu2017forging,
  title={Forging the basis for developing protein--ligand interaction scoring functions},
  author={Liu, Zhihai and Su, Minyi and Han, Li and Liu, Jie and Yang, Qifan and Li, Yan and Wang, Renxiao},
  journal={Accounts of chemical research},
  volume={50},
  number={2},
  pages={302--309},
  year={2017},
  publisher={ACS Publications}
}

@article{kruger2018protein,
  title={Protein--RNA interactions: structural characteristics and hotspot amino acids},
  author={Kr{\"u}ger, Dennis M and Neubacher, Saskia and Grossmann, Tom N},
  journal={Rna},
  volume={24},
  number={11},
  pages={1457--1465},
  year={2018},
  publisher={Cold Spring Harbor Lab}
}

@article{fu2012cd,
  title={CD-HIT: accelerated for clustering the next-generation sequencing data},
  author={Fu, Limin and Niu, Beifang and Zhu, Zhengwei and Wu, Sitao and Li, Weizhong},
  journal={Bioinformatics},
  volume={28},
  number={23},
  pages={3150--3152},
  year={2012},
  publisher={Oxford University Press}
}

@article{ingraham2019generative,
  title={Generative models for graph-based protein design},
  author={Ingraham, John and Garg, Vikas and Barzilay, Regina and Jaakkola, Tommi},
  journal={Advances in neural information processing systems},
  volume={32},
  year={2019}
}

@article{kabsch1976solution,
  title={A solution for the best rotation to relate two sets of vectors},
  author={Kabsch, Wolfgang},
  journal={Acta Crystallographica Section A: Crystal Physics, Diffraction, Theoretical and General Crystallography},
  volume={32},
  number={5},
  pages={922--923},
  year={1976},
  publisher={International Union of Crystallography}
}

@article{sanchez2019rna,
  title={RNA structure drives interaction with proteins},
  author={Sanchez de Groot, Natalia and Armaos, Alexandros and Gra{\~n}a-Montes, Ricardo and Alriquet, Marion and Calloni, Giulia and Vabulas, R Martin and Tartaglia, Gian Gaetano},
  journal={Nature communications},
  volume={10},
  number={1},
  pages={3246},
  year={2019},
  publisher={Nature Publishing Group UK London}
}

@article{ganser2019roles,
  title={The roles of structural dynamics in the cellular functions of RNAs},
  author={Ganser, Laura R and Kelly, Megan L and Herschlag, Daniel and Al-Hashimi, Hashim M},
  journal={Nature reviews Molecular cell biology},
  volume={20},
  number={8},
  pages={474--489},
  year={2019},
  publisher={Nature Publishing Group UK London}
}

@article{jolma2020binding,
  title={Binding specificities of human RNA-binding proteins toward structured and linear RNA sequences},
  author={Jolma, Arttu and Zhang, Jilin and Mondrag{\'o}n, Estefania and Morgunova, Ekaterina and Kivioja, Teemu and Laverty, Kaitlin U and Yin, Yimeng and Zhu, Fangjie and Bourenkov, Gleb and Morris, Quaid and others},
  journal={Genome research},
  volume={30},
  number={7},
  pages={962--973},
  year={2020},
  publisher={Cold Spring Harbor Lab}
}

@article{lipman2022flow,
  title={Flow matching for generative modeling},
  author={Lipman, Yaron and Chen, Ricky TQ and Ben-Hamu, Heli and Nickel, Maximilian and Le, Matt},
  journal={arXiv preprint arXiv:2210.02747},
  year={2022}
}

@article{dykstra2022engineering,
  title={Engineering synthetic RNA devices for cell control},
  author={Dykstra, Peter B and Kaplan, Matias and Smolke, Christina D},
  journal={Nature Reviews Genetics},
  volume={23},
  number={4},
  pages={215--228},
  year={2022},
  publisher={Nature Publishing Group UK London}
}

@article{thavarajah2021rna,
  title={RNA Engineering for Public Health: Innovations in RNA-Based Diagnostics and Therapeutics},
  author={Thavarajah, Walter and Hertz, Laura M and Bushhouse, David Z and Archuleta, Chlo{\'e} M and Lucks, Julius B},
  journal={Annual review of chemical and biomolecular engineering},
  volume={12},
  pages={263--286},
  year={2021},
  publisher={Annual Reviews}
}

@article{vezeau2023automated,
  title={Automated design of protein-binding riboswitches for sensing human biomarkers in a cell-free expression system},
  author={Vezeau, Grace E and Gadila, Lipika R and Salis, Howard M},
  journal={Nature communications},
  volume={14},
  number={1},
  pages={2416},
  year={2023},
  publisher={Nature Publishing Group UK London}
}

@article{keefe2010aptamers,
  title={Aptamers as therapeutics},
  author={Keefe, Anthony D and Pai, Supriya and Ellington, Andrew},
  journal={Nature reviews Drug discovery},
  volume={9},
  number={7},
  pages={537--550},
  year={2010},
  publisher={Nature Publishing Group UK London}
}

@article{watson2023novo,
  title={De novo design of protein structure and function with RFdiffusion},
  author={Watson, Joseph L and Juergens, David and Bennett, Nathaniel R and Trippe, Brian L and Yim, Jason and Eisenach, Helen E and Ahern, Woody and Borst, Andrew J and Ragotte, Robert J and Milles, Lukas F and others},
  journal={Nature},
  volume={620},
  number={7976},
  pages={1089--1100},
  year={2023},
  publisher={Nature Publishing Group UK London}
}

@article{baek2023accurate,
  title={Accurate prediction of protein--nucleic acid complexes using RoseTTAFoldNA},
  author={Baek, Minkyung and McHugh, Ryan and Anishchenko, Ivan and Jiang, Hanlun and Baker, David and DiMaio, Frank},
  journal={Nature Methods},
  pages={1--5},
  year={2023},
  publisher={Nature Publishing Group US New York}
}

@article{dauparas2022robust,
  title={Robust deep learning--based protein sequence design using ProteinMPNN},
  author={Dauparas, Justas and Anishchenko, Ivan and Bennett, Nathaniel and Bai, Hua and Ragotte, Robert J and Milles, Lukas F and Wicky, Basile IM and Courbet, Alexis and de Haas, Rob J and Bethel, Neville and others},
  journal={Science},
  volume={378},
  number={6615},
  pages={49--56},
  year={2022},
  publisher={American Association for the Advancement of Science}
}

@article{denny2019linking,
  title={Linking RNA sequence, structure, and function on massively parallel high-throughput sequencers},
  author={Denny, Sarah K and Greenleaf, William J},
  journal={Cold Spring Harbor Perspectives in Biology},
  volume={11},
  number={10},
  pages={a032300},
  year={2019},
  publisher={Cold Spring Harbor Lab}
}

@article{ho2020denoising,
  title={Denoising diffusion probabilistic models},
  author={Ho, Jonathan and Jain, Ajay and Abbeel, Pieter},
  journal={Advances in neural information processing systems},
  volume={33},
  pages={6840--6851},
  year={2020}
}

@article{morehead2023towards,
  title={Towards Joint Sequence-Structure Generation of Nucleic Acid and Protein Complexes with SE (3)-Discrete Diffusion},
  author={Morehead, Alex and Ruffolo, Jeffrey and Bhatnagar, Aadyot and Madani, Ali},
  journal={arXiv preprint arXiv:2401.06151},
  year={2023}
}

@article{yim2023fast,
  title={Fast protein backbone generation with SE (3) flow matching},
  author={Yim, Jason and Campbell, Andrew and Foong, Andrew YK and Gastegger, Michael and Jim{\'e}nez-Luna, Jos{\'e} and Lewis, Sarah and Satorras, Victor Garcia and Veeling, Bastiaan S and Barzilay, Regina and Jaakkola, Tommi and others},
  journal={arXiv preprint arXiv:2310.05297},
  year={2023}
}

@article{klein2023equivariant,
  title={Equivariant flow matching},
  author={Klein, Leon and Kr{\"a}mer, Andreas and No{\'e}, Frank},
  journal={arXiv preprint arXiv:2306.15030},
  year={2023}
}

@article{jing2020learning,
  title={Learning from protein structure with geometric vector perceptrons},
  author={Jing, Bowen and Eismann, Stephan and Suriana, Patricia and Townshend, Raphael JL and Dror, Ron},
  journal={arXiv preprint arXiv:2009.01411},
  year={2020}
}

@article{jing2021equivariant,
  title={Equivariant graph neural networks for 3d macromolecular structure},
  author={Jing, Bowen and Eismann, Stephan and Soni, Pratham N and Dror, Ron O},
  journal={arXiv preprint arXiv:2106.03843},
  year={2021}
}

@article{tancik2020fourier,
  title={Fourier features let networks learn high frequency functions in low dimensional domains},
  author={Tancik, Matthew and Srinivasan, Pratul and Mildenhall, Ben and Fridovich-Keil, Sara and Raghavan, Nithin and Singhal, Utkarsh and Ramamoorthi, Ravi and Barron, Jonathan and Ng, Ren},
  journal={Advances in Neural Information Processing Systems},
  volume={33},
  pages={7537--7547},
  year={2020}
}

@article{adamczyk2022rnasolo,
  title={RNAsolo: a repository of cleaned PDB-derived RNA 3D structures},
  author={Adamczyk, Bartosz and Antczak, Maciej and Szachniuk, Marta},
  journal={Bioinformatics},
  volume={38},
  number={14},
  pages={3668--3670},
  year={2022},
  publisher={Oxford University Press}
}

@article{jang2016categorical,
  title={Categorical reparameterization with gumbel-softmax},
  author={Jang, Eric and Gu, Shixiang and Poole, Ben},
  journal={arXiv preprint arXiv:1611.01144},
  year={2016}
}

@inproceedings{jing2023alphafold,
  title={AlphaFold Meets Flow Matching for Generating Protein Ensembles},
  author={Jing, Bowen and Berger, Bonnie and Jaakkola, Tommi},
  booktitle={NeurIPS 2023 AI for Science Workshop},
  year={2023}
}

@phdthesis{lennarz2015rna,
  title={RNA aptamers as selective protein kinase inhibitors},
  author={Lennarz, Sabine Michaela Irmgard},
  year={2015},
  school={Universit{\"a}ts-und Landesbibliothek Bonn}
}

@article{mayer2008rna,
  title={An RNA molecule that specifically inhibits G-protein-coupled receptor kinase 2 in vitro},
  author={Mayer, G{\"u}nter and Wulffen, Bernhard and Huber, Christian and Brockmann, J{\"o}rg and Flicke, Birgit and Neumann, Lars and Hafenbradl, Doris and Klebl, Bert M and Lohse, Martin J and Krasel, Cornelius and others},
  journal={Rna},
  volume={14},
  number={3},
  pages={524--534},
  year={2008},
  publisher={Cold Spring Harbor Lab}
}

@article{tesmer2012molecular,
  title={Molecular mechanism for inhibition of g protein-coupled receptor kinase 2 by a selective RNA aptamer},
  author={Tesmer, Valerie M and Lennarz, Sabine and Mayer, G{\"u}nter and Tesmer, John JG},
  journal={Structure},
  volume={20},
  number={8},
  pages={1300--1309},
  year={2012},
  publisher={Elsevier}
}

@article{im2019generative,
  title={A generative model for constructing nucleic acid sequences binding to a protein},
  author={Im, Jinho and Park, Byungkyu and Han, Kyungsook},
  journal={BMC genomics},
  volume={20},
  number={13},
  pages={1--13},
  year={2019},
  publisher={BioMed Central}
}

@article{kim2010computational,
  title={Computational generation and screening of RNA motifs in large nucleotide sequence pools},
  author={Kim, Namhee and Izzo, Joseph A and Elmetwaly, Shereef and Gan, Hin Hark and Schlick, Tamar},
  journal={Nucleic acids research},
  volume={38},
  number={13},
  pages={e139--e139},
  year={2010},
  publisher={Oxford University Press}
}

@article{zhou2015searching,
  title={Searching the sequence space for potent aptamers using SELEX in silico},
  author={Zhou, Qingtong and Xia, Xiaole and Luo, Zhaofeng and Liang, Haojun and Shakhnovich, Eugene},
  journal={Journal of chemical theory and computation},
  volume={11},
  number={12},
  pages={5939--5946},
  year={2015},
  publisher={ACS Publications}
}

@article{iwano2022generative,
  title={Generative aptamer discovery using RaptGen},
  author={Iwano, Natsuki and Adachi, Tatsuo and Aoki, Kazuteru and Nakamura, Yoshikazu and Hamada, Michiaki},
  journal={Nature Computational Science},
  volume={2},
  number={6},
  pages={378--386},
  year={2022},
  publisher={Nature Publishing Group US New York}
}

@article{buglak2020methods,
  title={Methods and applications of in silico aptamer design and modeling},
  author={Buglak, Andrey A and Samokhvalov, Alexey V and Zherdev, Anatoly V and Dzantiev, Boris B},
  journal={International Journal of Molecular Sciences},
  volume={21},
  number={22},
  pages={8420},
  year={2020},
  publisher={MDPI}
}

@article{yesselman2019computational,
  title={Computational design of three-dimensional RNA structure and function},
  author={Yesselman, Joseph D and Eiler, Daniel and Carlson, Erik D and Gotrik, Michael R and d’Aquino, Anne E and Ooms, Alexandra N and Kladwang, Wipapat and Carlson, Paul D and Shi, Xuesong and Costantino, David A and others},
  journal={Nature nanotechnology},
  volume={14},
  number={9},
  pages={866--873},
  year={2019},
  publisher={Nature Publishing Group UK London}
}

@misc{tan2023hierarchical,
      title={Hierarchical Data-efficient Representation Learning for Tertiary Structure-based RNA Design}, 
      author={Cheng Tan and Yijie Zhang and Zhangyang Gao and Hanqun Cao and Stan Z. Li},
      year={2023},
      eprint={2301.10774},
      archivePrefix={arXiv},
      primaryClass={q-bio.BM}
}

@article{ingraham2023illuminating,
  title={Illuminating protein space with a programmable generative model},
  author={Ingraham, John B and Baranov, Max and Costello, Zak and Barber, Karl W and Wang, Wujie and Ismail, Ahmed and Frappier, Vincent and Lord, Dana M and Ng-Thow-Hing, Christopher and Van Vlack, Erik R and others},
  journal={Nature},
  pages={1--9},
  year={2023},
  publisher={Nature Publishing Group UK London}
}

@article{jin2021iterative,
  title={Iterative refinement graph neural network for antibody sequence-structure co-design},
  author={Jin, Wengong and Wohlwend, Jeremy and Barzilay, Regina and Jaakkola, Tommi},
  journal={arXiv preprint arXiv:2110.04624},
  year={2021}
}

@inproceedings{stark2023harmonic,
  title={Harmonic Prior Self-conditioned Flow Matching for Multi-Ligand Docking and Binding Site Design},
  author={Stark, Hannes and Jing, Bowen and Barzilay, Regina and Jaakkola, Tommi},
  booktitle={NeurIPS 2023 Generative AI and Biology (GenBio) Workshop},
  year={2023}
}


@article{fornili2013specialized,
  title={Specialized dynamical properties of promiscuous residues revealed by simulated conformational ensembles},
  author={Fornili, Arianna and Pandini, Alessandro and Lu, Hui-Chun and Fraternali, Franca},
  journal={Journal of chemical theory and computation},
  volume={9},
  number={11},
  pages={5127--5147},
  year={2013},
  publisher={ACS Publications}
}