@STRING{aaai	= {AAAI Conference on Artificial Intelligence} }
@STRING{accv	= {Asian Conference on Computer Vision} }
@STRING{bmvc	= {British Machine Vision Conference} }
@STRING{cviu	= {Computer Vision and Image Understanding} }
@STRING{cvpr	= {IEEE Conference on Computer Vision and Pattern Recognition} }
@STRING{cvprw	= {IEEE Conference on Computer Vision and Pattern Recognition workshops} }
@STRING{eccv	= {European Conference on Computer Vision} }
@STRING{eccvw	= {European Conference on Computer Vision workshops} }
@STRING{iccv	= {IEEE International Conference on Computer Vision} }
@STRING{iccvw	= {IEEE International Conference on Computer Vision workshops} }
@STRING{icip	= {IEEE International Conference on Image Processing} }
@STRING{icml	= {International Conference on Machine Learning} }
@STRING{icmlw	= {International Conference on Machine Learning workshops} }
@STRING{icpr	= {IEEE International Conference on Pattern Recognition} }
@STRING{icra	= {IEEE International Conference on Robotics and Automation} }
@STRING{ijcv	= {International Journal of Computer Vision} }

@STRING{jmlr	= {Journal of Machine Learning Research} }
@STRING{miccai	= {International Conference on Medical Image Computing and Computer Assisted Intervention} }
@STRING{nips	= {Advances in Neural Information Processing Systems} }
@STRING{nipsw	= {Advances in Neural Information Processing Systems workshops} }
@STRING{pr	= {Pattern Recognition} }
@STRING{tip	= {IEEE Transactions on Image Processing} }
@STRING{tpami	= {IEEE Transactions on Pattern Analysis and Machine Intelligence} }
@STRING{wacv	= {IEEE Winter Conference on Applications of Computer Vision} }
@STRING{iclr	= {International Conference on Learning Representations} }
@STRING{ijcai	= {International Joint Conferences on Artificial Intelligence} }
@STRING{mm	= {ACM International Conference on Multimedia} }

@inproceedings{chen20182,
  title={A\^{} 2-nets: Double attention networks},
  author={Chen, Yunpeng and Kalantidis, Yannis and Li, Jianshu and Yan, Shuicheng and Feng, Jiashi},
  booktitle=nips,
  year={2018}
}


@article{huang2019interlaced,
  title={Interlaced sparse self-attention for semantic segmentation},
  author={Huang, Lang and Yuan, Yuhui and Guo, Jianyuan and Zhang, Chao and Chen, Xilin and Wang, Jingdong},
  journal={arXiv preprint},
  year={2019}
}


@article{li2022efficientformer,
  title={EfficientFormer: Vision Transformers at MobileNet Speed},
  author={Li, Yanyu and Yuan, Geng and Wen, Yang and Hu, Eric and Evangelidis, Georgios and Tulyakov, Sergey and Wang, Yanzhi and Ren, Jian},
  journal={arXiv preprint},
  year={2022}
}


@article{vasu2022improved,
  title={An Improved One millisecond Mobile Backbone},
  author={Vasu, Pavan Kumar Anasosalu and Gabriel, James and Zhu, Jeff and Tuzel, Oncel and Ranjan, Anurag},
  journal={arXiv preprint},
  year={2022}
}

@inproceedings{pan2022edgevits,
  title={Edgevits: Competing light-weight cnns on mobile devices with vision transformers},
  author={Pan, Junting and Bulat, Adrian and Tan, Fuwen and Zhu, Xiatian and Dudziak, Lukasz and Li, Hongsheng and Tzimiropoulos, Georgios and Martinez, Brais},
  booktitle=eccv,
  year={2022},
}

@article{zhang2022edgeformer,
  title={EdgeFormer: Improving Light-weight ConvNets by Learning from Vision Transformers},
  author={Zhang, Haokui and Hu, Wenze and Wang, Xiaoyu},
  journal={arXiv preprint},
  year={2022}
}

@inproceedings{yang2022lite,
  title={Lite vision transformer with enhanced self-attention},
  author={Yang, Chenglin and Wang, Yilin and Zhang, Jianming and Zhang, He and Wei, Zijun and Lin, Zhe and Yuille, Alan},
  booktitle=cvpr,
  year={2022}
}

@article{mehta2022separable,
  title={Separable Self-attention for Mobile Vision Transformers},
  author={Mehta, Sachin and Rastegari, Mohammad},
  journal={arXiv preprint},
  year={2022}
}


@inproceedings{xie2021segformer,
  title={SegFormer: Simple and efficient design for semantic segmentation with transformers},
  author={Xie, Enze and Wang, Wenhai and Yu, Zhiding and Anandkumar, Anima and Alvarez, Jose M and Luo, Ping},
  booktitle=nips,
  year={2021}
}


@inproceedings{vaswani2017attention,
  title={Attention is all you need},
  author={Vaswani, Ashish and Shazeer, Noam and Parmar, Niki and Uszkoreit, Jakob and Jones, Llion and Gomez, Aidan N and Kaiser, {\L}ukasz and Polosukhin, Illia},
  booktitle=nips,
  year={2017}
}


@article{tay2020efficient,
  title={Efficient transformers: A survey},
  author={Tay, Yi and Dehghani, Mostafa and Bahri, Dara and Metzler, Donald},
  journal={ACM Computing Surveys (CSUR)},
  year={2020},
}



@article{zhou2019semantic,
  title={Semantic understanding of scenes through the ade20k dataset},
  author={Zhou, Bolei and Zhao, Hang and Puig, Xavier and Xiao, Tete and Fidler, Sanja and Barriuso, Adela and Torralba, Antonio},
  journal=ijcv,
  year={2019},
}



@inproceedings{cordts2016cityscapes,
  title={The cityscapes dataset for semantic urban scene understanding},
  author={Cordts, Marius and Omran, Mohamed and Ramos, Sebastian and Rehfeld, Timo and Enzweiler, Markus and Benenson, Rodrigo and Franke, Uwe and Roth, Stefan and Schiele, Bernt},
  booktitle=cvpr,
  year={2016}
}



@inproceedings{krizhevsky2012imagenet,
  title={Imagenet classification with deep convolutional neural networks},
  author={Krizhevsky, Alex and Sutskever, Ilya and Hinton, Geoffrey E},
  booktitle=nips,
  year={2012}
}



@inproceedings{tan2019efficientnet,
  title={Efficientnet: Rethinking model scaling for convolutional neural networks},
  author={Tan, Mingxing and Le, Quoc},
  booktitle=icml,
  year={2019},
}



@inproceedings{chen2018encoder,
  title={Encoder-decoder with atrous separable convolution for semantic image segmentation},
  author={Chen, Liang-Chieh and Zhu, Yukun and Papandreou, George and Schroff, Florian and Adam, Hartwig},
  booktitle=eccv,
  year={2018}
}



@inproceedings{zhao2017pyramid,
  title={Pyramid scene parsing network},
  author={Zhao, Hengshuang and Shi, Jianping and Qi, Xiaojuan and Wang, Xiaogang and Jia, Jiaya},
  booktitle=cvpr,
  year={2017}
}




@article{chen2017rethinking,
  title={Rethinking atrous convolution for semantic image segmentation},
  author={Chen, Liang-Chieh and Papandreou, George and Schroff, Florian and Adam, Hartwig},
  journal={arXiv preprint},
  year={2017}
}



@inproceedings{yu2018learning,
  title={Learning a discriminative feature network for semantic segmentation},
  author={Yu, Changqian and Wang, Jingbo and Peng, Chao and Gao, Changxin and Yu, Gang and Sang, Nong},
  booktitle=cvpr,
  year={2018}
}



@inproceedings{long2015fully,
  title={Fully convolutional networks for semantic segmentation},
  author={Long, Jonathan and Shelhamer, Evan and Darrell, Trevor},
  booktitle=cvpr,
  year={2015}
}



@inproceedings{liu2021swin,
  title={Swin transformer: Hierarchical vision transformer using shifted windows},
  author={Liu, Ze and Lin, Yutong and Cao, Yue and Hu, Han and Wei, Yixuan and Zhang, Zheng and Lin, Stephen and Guo, Baining},
  booktitle=iccv,
  year={2021}
}



@inproceedings{zheng2021rethinking,
  title={Rethinking semantic segmentation from a sequence-to-sequence perspective with transformers},
  author={Zheng, Sixiao and Lu, Jiachen and Zhao, Hengshuang and Zhu, Xiatian and Luo, Zekun and Wang, Yabiao and Fu, Yanwei and Feng, Jianfeng and Xiang, Tao and Torr, Philip HS and others},
  booktitle=cvpr,
  year={2021}
}



@inproceedings{lin2017focal,
  title={Focal loss for dense object detection},
  author={Lin, Tsung-Yi and Goyal, Priya and Girshick, Ross and He, Kaiming and Doll{\'a}r, Piotr},
  booktitle=iccv,
  year={2017}
}



@inproceedings{wu2021cvt,
  title={Cvt: Introducing convolutions to vision transformers},
  author={Wu, Haiping and Xiao, Bin and Codella, Noel and Liu, Mengchen and Dai, Xiyang and Yuan, Lu and Zhang, Lei},
  booktitle=iccv,
  year={2021}
}


@inproceedings{pan2022integration,
  title={On the integration of self-attention and convolution},
  author={Pan, Xuran and Ge, Chunjiang and Lu, Rui and Song, Shiji and Chen, Guanfu and Huang, Zeyi and Huang, Gao},
  booktitle=cvpr,
  year={2022}
}


@article{li2021convmlp,
  title={Convmlp: Hierarchical convolutional mlps for vision},
  author={Li, Jiachen and Hassani, Ali and Walton, Steven and Shi, Humphrey},
  journal={arXiv preprint},
  year={2021}
}


@inproceedings{chen2022mixformer,
  title={MixFormer: Mixing Features across Windows and Dimensions},
  author={Chen, Qiang and Wu, Qiman and Wang, Jian and Hu, Qinghao and Hu, Tao and Ding, Errui and Cheng, Jian and Wang, Jingdong},
  booktitle=cvpr,
  year={2022}
}




@article{chen2019mmdetection,
  title={MMDetection: Open mmlab detection toolbox and benchmark},
  author={Chen, Kai and Wang, Jiaqi and Pang, Jiangmiao and Cao, Yuhang and Xiong, Yu and Li, Xiaoxiao and Sun, Shuyang and Feng, Wansen and Liu, Ziwei and Xu, Jiarui and others},
  journal={arXiv preprint},
  year={2019}
}



@article{howard2017mobilenets,
  title={Mobilenets: Efficient convolutional neural networks for mobile vision applications},
  author={Howard, Andrew G and Zhu, Menglong and Chen, Bo and Kalenichenko, Dmitry and Wang, Weijun and Weyand, Tobias and Andreetto, Marco and Adam, Hartwig},
  journal={arXiv preprint},
  year={2017}
}


@inproceedings{zhang2022topformer,
  title={TopFormer: Token Pyramid Transformer for Mobile Semantic Segmentation},
  author={Zhang, Wenqiang and Huang, Zilong and Luo, Guozhong and Chen, Tao and Wang,  Xinggang and Liu, Wenyu and Yu, Gang and Shen, Chunhua.},
  booktitle=cvpr,
  year={2022}
}



@inproceedings{kirillov2019panoptic,
  title={Panoptic feature pyramid networks},
  author={Kirillov, Alexander and Girshick, Ross and He, Kaiming and Doll{\'a}r, Piotr},
  booktitle=cvpr,
  year={2019}
}



@inproceedings{yuan2020object,
  title={Object-contextual representations for semantic segmentation},
  author={Yuan, Yuhui and Chen, Xilin and Wang, Jingdong},
  booktitle=eccv,
  year={2020},
}



@inproceedings{howard2019searching,
  title={Searching for mobilenetv3},
  author={Howard, Andrew and Sandler, Mark and Chu, Grace and Chen, Liang-Chieh and Chen, Bo and Tan, Mingxing and Wang, Weijun and Zhu, Yukun and Pang, Ruoming and Vasudevan, Vijay and others},
  booktitle=iccv,
  year={2019}
}



@inproceedings{chen2020addernet,
  title={AdderNet: Do we really need multiplications in deep learning?},
  author={Chen, Hanting and Wang, Yunhe and Xu, Chunjing and Shi, Boxin and Xu, Chao and Tian, Qi and Xu, Chang},
  booktitle=cvpr,
  year={2020}
}



@article{li2020micronet,
  title={MicroNet: Towards image recognition with extremely low FLOPs},
  author={Li, Yunsheng and Chen, Yinpeng and Dai, Xiyang and Chen, Dongdong and Liu, Mengchen and Yuan, Lu and Liu, Zicheng and Zhang, Lei and Vasconcelos, Nuno},
  journal={arXiv preprint},
  year={2020}
}



@inproceedings{han2020ghostnet,
  title={Ghostnet: More features from cheap operations},
  author={Han, Kai and Wang, Yunhe and Tian, Qi and Guo, Jianyuan and Xu, Chunjing and Xu, Chang},
  booktitle=cvpr,
  year={2020}
}



@inproceedings{zhang2018shufflenet,
  title={Shufflenet: An extremely efficient convolutional neural network for mobile devices},
  author={Zhang, Xiangyu and Zhou, Xinyu and Lin, Mengxiao and Sun, Jian},
  booktitle=cvpr,
  year={2018}
}



@inproceedings{ma2018shufflenet,
  title={Shufflenet v2: Practical guidelines for efficient cnn architecture design},
  author={Ma, Ningning and Zhang, Xiangyu and Zheng, Hai-Tao and Sun, Jian},
  booktitle=eccv,
  year={2018}
}



@inproceedings{touvron2021training,
  title={Training data-efficient image transformers \& distillation through attention},
  author={Touvron, Hugo and Cord, Matthieu and Douze, Matthijs and Massa, Francisco and Sablayrolles, Alexandre and J{\'e}gou, Herv{\'e}},
  booktitle=icml,
  year={2021},
}



@inproceedings{vaswani2021scaling,
  title={Scaling local self-attention for parameter efficient visual backbones},
  author={Vaswani, Ashish and Ramachandran, Prajit and Srinivas, Aravind and Parmar, Niki and Hechtman, Blake and Shlens, Jonathon},
  booktitle=cvpr,
  year={2021}
}



@inproceedings{yuan2021tokens,
  title={Tokens-to-token vit: Training vision transformers from scratch on imagenet},
  author={Yuan, Li and Chen, Yunpeng and Wang, Tao and Yu, Weihao and Shi, Yujun and Jiang, Zi-Hang and Tay, Francis EH and Feng, Jiashi and Yan, Shuicheng},
  booktitle=iccv,
  year={2021}
}



@article{huang2021shuffle,
  title={Shuffle transformer: Rethinking spatial shuffle for vision transformer},
  author={Huang, Zilong and Ben, Youcheng and Luo, Guozhong and Cheng, Pei and Yu, Gang and Fu, Bin},
  journal={arXiv preprint},
  year={2021}
}



@inproceedings{chu2021twins,
  title={Twins: Revisiting the design of spatial attention in vision transformers},
  author={Chu, Xiangxiang and Tian, Zhi and Wang, Yuqing and Zhang, Bo and Ren, Haibing and Wei, Xiaolin and Xia, Huaxia and Shen, Chunhua},
  booktitle=nips,
  year={2021}
}



@article{yuan2021hrformer,
  title={HRFormer: High-Resolution Transformer for Dense Prediction},
  author={Yuan, Yuhui and Fu, Rao and Huang, Lang and Lin, Weihong and Zhang, Chao and Chen, Xilin and Wang, Jingdong},
  journal={arXiv preprint},
  year={2021}
}



@inproceedings{mehta2021mobilevit,
  title={Mobilevit: light-weight, general-purpose, and mobile-friendly vision transformer},
  author={Mehta, Sachin and Rastegari, Mohammad},
  booktitle=iclr,
  year={2022}
}



@inproceedings{chen2022mobile,
  title={Mobile-former: Bridging mobilenet and transformer},
  author={Chen, Yinpeng and Dai, Xiyang and Chen, Dongdong and Liu, Mengchen and Dong, Xiaoyi and Yuan, Lu and Liu, Zicheng},
  booktitle=cvpr,
  year={2022}
}


@article{yan2021contnet,
  title={ConTNet: Why not use convolution and transformer at the same time?},
  author={Yan, Haotian and Li, Zhe and Li, Weijian and Wang, Changhu and Wu, Ming and Zhang, Chuang},
  journal={arXiv preprint},
  year={2021}
}


@inproceedings{sandler2018mobilenetv2,
  title={Mobilenetv2: Inverted residuals and linear bottlenecks},
  author={Sandler, Mark and Howard, Andrew and Zhu, Menglong and Zhmoginov, Andrey and Chen, Liang-Chieh},
  booktitle=cvpr,
  year={2018}
}



@inproceedings{dosovitskiy2020image,
  title={An image is worth 16x16 words: Transformers for image recognition at scale},
  author={Dosovitskiy, Alexey and Beyer, Lucas and Kolesnikov, Alexander and Weissenborn, Dirk and Zhai, Xiaohua and Unterthiner, Thomas and Dehghani, Mostafa and Minderer, Matthias and Heigold, Georg and Gelly, Sylvain and others},
  booktitle=iclr,
  year={2021}
}



@inproceedings{graham2021levit,
  title={LeViT: a Vision Transformer in ConvNet's Clothing for Faster Inference},
  author={Graham, Benjamin and El-Nouby, Alaaeldin and Touvron, Hugo and Stock, Pierre and Joulin, Armand and J{\'e}gou, Herv{\'e} and Douze, Matthijs},
  booktitle=iccv,
  year={2021}
}



@inproceedings{he2016deep,
  title={Deep residual learning for image recognition},
  author={He, Kaiming and Zhang, Xiangyu and Ren, Shaoqing and Sun, Jian},
  booktitle=cvpr,
  year={2016}
}



@inproceedings{ioffe2015batch,
  title={Batch normalization: Accelerating deep network training by reducing internal covariate shift},
  author={Ioffe, Sergey and Szegedy, Christian},
  booktitle=icml,
  year={2015},
}



@inproceedings{li2019dfanet,
  title={Dfanet: Deep feature aggregation for real-time semantic segmentation},
  author={Li, Hanchao and Xiong, Pengfei and Fan, Haoqiang and Sun, Jian},
  booktitle=cvpr,
  year={2019}
}



@inproceedings{wang2021pyramid,
  title={Pyramid vision transformer: A versatile backbone for dense prediction without convolutions},
  author={Wang, Wenhai and Xie, Enze and Li, Xiang and Fan, Deng-Ping and Song, Kaitao and Liang, Ding and Lu, Tong and Luo, Ping and Shao, Ling},
  booktitle=iccv,
  year={2021}
}



@inproceedings{zhou2017scene,
  title={Scene parsing through ade20k dataset},
  author={Zhou, Bolei and Zhao, Hang and Puig, Xavier and Fidler, Sanja and Barriuso, Adela and Torralba, Antonio},
  booktitle=cvpr,
  year={2017}
}



@inproceedings{mottaghi2014role,
  title={The role of context for object detection and semantic segmentation in the wild},
  author={Mottaghi, Roozbeh and Chen, Xianjie and Liu, Xiaobai and Cho, Nam-Gyu and Lee, Seong-Whan and Fidler, Sanja and Urtasun, Raquel and Yuille, Alan},
  booktitle=cvpr,
  year={2014}
}



@inproceedings{caesar2018coco,
  title={Coco-stuff: Thing and stuff classes in context},
  author={Caesar, Holger and Uijlings, Jasper and Ferrari, Vittorio},
  booktitle=cvpr,
  year={2018}
}



@inproceedings{wang2018non,
  title={Non-local neural networks},
  author={Wang, Xiaolong and Girshick, Ross and Gupta, Abhinav and He, Kaiming},
  booktitle=cvpr,
  year={2018}
}



@inproceedings{yu2018bisenet,
  title={Bisenet: Bilateral segmentation network for real-time semantic segmentation},
  author={Yu, Changqian and Wang, Jingbo and Peng, Chao and Gao, Changxin and Yu, Gang and Sang, Nong},
  booktitle=eccv,
  year={2018}
}



@article{yu2021bisenet,
  title={Bisenet v2: Bilateral network with guided aggregation for real-time semantic segmentation},
  author={Yu, Changqian and Gao, Changxin and Wang, Jingbo and Yu, Gang and Shen, Chunhua and Sang, Nong},
  journal=ijcv,
  year={2021},
}



@inproceedings{zhao2018icnet,
  title={Icnet for real-time semantic segmentation on high-resolution images},
  author={Zhao, Hengshuang and Qi, Xiaojuan and Shen, Xiaoyong and Shi, Jianping and Jia, Jiaya},
  booktitle=eccv,
  year={2018}
}



@article{hong2021deep,
  title={Deep dual-resolution networks for real-time and accurate semantic segmentation of road scenes},
  author={Hong, Yuanduo and Pan, Huihui and Sun, Weichao and Jia, Yisong},
  journal={arXiv preprint},
  year={2021}
}



@inproceedings{liu2018generating,
  title={Generating wikipedia by summarizing long sequences},
  author={Liu, Peter J and Saleh, Mohammad and Pot, Etienne and Goodrich, Ben and Sepassi, Ryan and Kaiser, Lukasz and Shazeer, Noam},
  booktitle=iclr,
  year={2018}
}



@inproceedings{hou2021coordinate,
  title={Coordinate attention for efficient mobile network design},
  author={Hou, Qibin and Zhou, Daquan and Feng, Jiashi},
  booktitle=cvpr,
  year={2021}
}



@inproceedings{gao2020kronecker,
  title={Kronecker attention networks},
  author={Gao, Hongyang and Wang, Zhengyang and Ji, Shuiwang},
  booktitle={ACM SIGKDD},
  year={2020}
}



@inproceedings{hou2020strip,
  title={Strip pooling: Rethinking spatial pooling for scene parsing},
  author={Hou, Qibin and Zhang, Li and Cheng, Ming-Ming and Feng, Jiashi},
  booktitle=cvpr,
  year={2020}
}



@article{kingma2014adam,
  title={Adam: A method for stochastic optimization},
  author={Kingma, Diederik P and Ba, Jimmy},
  journal={arXiv preprint},
  year={2014}
}


@inproceedings{deng2009imagenet,
  title={Imagenet: A large-scale hierarchical image database},
  author={Deng, Jia and Dong, Wei and Socher, Richard and Li, Li-Jia and Li, Kai and Fei-Fei, Li},
  booktitle=cvpr,
  year={2009},
}


@inproceedings{woo2018cbam,
  title={Cbam: Convolutional block attention module},
  author={Woo, Sanghyun and Park, Jongchan and Lee, Joon-Young and Kweon, In So},
  booktitle=eccv,
  year={2018}
}


@inproceedings{cao2019gcnet,
  title={Gcnet: Non-local networks meet squeeze-excitation networks and beyond},
  author={Cao, Yue and Xu, Jiarui and Lin, Stephen and Wei, Fangyun and Hu, Han},
  booktitle=iccvw,
  year={2019}
}


@inproceedings{choromanski2020rethinking,
  title={Rethinking attention with performers},
  author={Choromanski, Krzysztof and Likhosherstov, Valerii and Dohan, David and Song, Xingyou and Gane, Andreea and Sarlos, Tamas and Hawkins, Peter and Davis, Jared and Mohiuddin, Afroz and Kaiser, Lukasz and others},
  booktitle=iclr,
  year={2021}
}



@article{wang2020linformer,
  title={Linformer: Self-attention with linear complexity},
  author={Wang, Sinong and Li, Belinda Z and Khabsa, Madian and Fang, Han and Ma, Hao},
  journal={arXiv preprint},
  year={2020}
}



@article{ho2019axial,
  title={Axial attention in multidimensional transformers},
  author={Ho, Jonathan and Kalchbrenner, Nal and Weissenborn, Dirk and Salimans, Tim},
  journal={arXiv preprint},
  year={2019}
}



@inproceedings{huang2019ccnet,
  title={Ccnet: Criss-cross attention for semantic segmentation},
  author={Huang, Zilong and Wang, Xinggang and Huang, Lichao and Huang, Chang and Wei, Yunchao and Liu, Wenyu},
  booktitle=iccv,
  year={2019}
}



@inproceedings{shen2021efficient,
  title={Efficient attention: Attention with linear complexities},
  author={Shen, Zhuoran and Zhang, Mingyuan and Zhao, Haiyu and Yi, Shuai and Li, Hongsheng},
  booktitle=wacv,
  year={2021}
}



@inproceedings{poudel2019fast,
  title={Fast-scnn: Fast semantic segmentation network},
  author={Poudel, Rudra PK and Liwicki, Stephan and Cipolla, Roberto},
  booktitle=bmvc,
  year={2019}
}



@inproceedings{fan2021rethinking,
  title={Rethinking bisenet for real-time semantic segmentation},
  author={Fan, Mingyuan and Lai, Shenqi and Huang, Junshi and Wei, Xiaoming and Chai, Zhenhua and Luo, Junfeng and Wei, Xiaolin},
  booktitle=cvpr,
  year={2021}
}



@inproceedings{fu2019dual,
  title={Dual attention network for scene segmentation},
  author={Fu, Jun and Liu, Jing and Tian, Haijie and Li, Yong and Bao, Yongjun and Fang, Zhiwei and Lu, Hanqing},
  booktitle=cvpr,
  year={2019}
}



@inproceedings{li2019dabnet,
  title={Dabnet: Depth-wise asymmetric bottleneck for real-time semantic segmentation},
  author={Li, Gen and Yun, Inyoung and Kim, Jonghyun and Kim, Joongkyu},
  booktitle=bmvc,
  year={2019}
}



@inproceedings{orsic2019defense,
  title={In defense of pre-trained imagenet architectures for real-time semantic segmentation of road-driving images},
  author={Orsic, Marin and Kreso, Ivan and Bevandic, Petra and Segvic, Sinisa},
  booktitle=cvpr,
  year={2019}
}



@article{paszke2016enet,
  title={Enet: A deep neural network architecture for real-time semantic segmentation},
  author={Paszke, Adam and Chaurasia, Abhishek and Kim, Sangpil and Culurciello, Eugenio},
  journal={arXiv preprint},
  year={2016}
}



@inproceedings{zhao2018psanet,
  title={Psanet: Point-wise spatial attention network for scene parsing},
  author={Zhao, Hengshuang and Zhang, Yi and Liu, Shu and Shi, Jianping and Loy, Chen Change and Lin, Dahua and Jia, Jiaya},
  booktitle=eccv,
  year={2018}
}



@misc{contributors2020mmsegmentation,
  title={MMSegmentation: Openmmlab semantic segmentation toolbox and benchmark},
  author={Contributors, MMSegmentation},
  year={2020}
}


@article{luong2015effective,
  title={Effective approaches to attention-based neural machine translation},
  author={Luong, Minh-Thang and Pham, Hieu and Manning, Christopher D},
  journal={arXiv preprint},
  year={2015}
}

@inproceedings{wang2020axial,
  title={Axial-deeplab: Stand-alone axial-attention for panoptic segmentation},
  author={Wang, Huiyu and Zhu, Yukun and Green, Bradley and Adam, Hartwig and Yuille, Alan and Chen, Liang-Chieh},
  booktitle=eccv,
  year={2020}
}

@article{huang2021alignseg,
  title={Alignseg: Feature-aligned segmentation networks},
  author={Huang, Zilong and Wei, Yunchao and Wang, Xinggang and Liu, Wenyu and Huang, Thomas S and Shi, Humphrey},
  journal=tpami,
  year={2021}
}

@inproceedings{xu2021co,
  title={Co-scale conv-attentional image transformers},
  author={Xu, Weijian and Xu, Yifan and Chang, Tyler and Tu, Zhuowen},
  booktitle=iccv,
  year={2021}
}


@misc{contributors2020tnn,
  title={TNN: A high-performance, lightweight neural network inference framework.},
  author={Contributors, TNN},
  year={2019}
}


@article{zhang2022dynamic,
  title={Dynamic graph message passing networks for visual recognition},
  author={Zhang, Li and Chen, Mohan and Arnab, Anurag and Xue, Xiangyang and Torr, Philip HS},
  journal=tpami,
  year={2022},
}


@inproceedings{zhang2020dynamic,
  title={Dynamic graph message passing networks},
  author={Zhang, Li and Xu, Dan and Arnab, Anurag and Torr, Philip HS},
  booktitle=cvpr,
  year={2020}
}


@article{li2021global,
  title={Global aggregation then local distribution for scene parsing},
  author={Li, Xiangtai and Zhang, Li and Cheng, Guangliang and Yang, Kuiyuan and Tong, Yunhai and Zhu, Xiatian and Xiang, Tao},
  journal=tip,
  year={2021}
}

@article{li2021towards,
  title={Towards efficient scene understanding via squeeze reasoning},
  author={Li, Xiangtai and Li, Xia and You, Ansheng and Zhang, Li and Cheng, Guangliang and Yang, Kuiyuan and Tong, Yunhai and Lin, Zhouchen},
  journal=tip,
  year={2021}
}


@inproceedings{li2020improving,
  title={Improving semantic segmentation via decoupled body and edge supervision},
  author={Li, Xiangtai and Li, Xia and Zhang, Li and Cheng, Guangliang and Shi, Jianping and Lin, Zhouchen and Tan, Shaohua and Tong, Yunhai},
  booktitle=eccv,
  year={2020}
}


@inproceedings{wan2023seaformer,
  title     = {SeaFormer: Squeeze-enhanced Axial Transformer for Mobile Semantic Segmentation},
  author    = {Wan, Qiang and Huang, Zilong and Lu, Jiachen and Yu, Gang and Zhang, Li},
  booktitle = iclr,
  year      = {2023}
}

@inproceedings{qi2021multi,
  title={Multi-scale aligned distillation for low-resolution detection},
  author={Qi, Lu and Kuen, Jason and Gu, Jiuxiang and Lin, Zhe and Wang, Yi and Chen, Yukang and Li, Yanwei and Jia, Jiaya},
  booktitle=cvpr,
  year={2021}
}

@article{hu2022cross,
  title={Cross-resolution distillation for efficient 3D medical image registration},
  author={Hu, Bo and Zhou, Shenglong and Xiong, Zhiwei and Wu, Feng},
  journal={IEEE Transactions on Circuits and Systems for Video Technology},
  year={2022},
}