@article{cheng2023convergence,
  title={Convergence of flow-based generative models via proximal gradient descent in Wasserstein space},
  author={Cheng, Xiuyuan and Lu, Jianfeng and Tan, Yixin and Xie, Yao},
  journal={arXiv preprint arXiv:2310.17582},
  year={2023}
}
@article{boffi2023probability,
  title={Probability flow solution of the Fokker--Planck equation},
  author={Boffi, Nicholas M and Vanden-Eijnden, Eric},
  journal={Machine Learning: Science and Technology},
  volume={4},
  number={3},
  pages={035012},
  year={2023},
  publisher={IOP Publishing}
}
@article{abdal2021styleflow,
  title={Styleflow: Attribute-conditioned exploration of stylegan-generated images using conditional continuous normalizing flows},
  author={Abdal, Rameen and Zhu, Peihao and Mitra, Niloy J and Wonka, Peter},
  journal={ACM Transactions on Graphics (ToG)},
  volume={40},
  number={3},
  pages={1--21},
  year={2021},
  publisher={ACM New York, NY}
}
@book{suli2003introduction,
  title={An introduction to numerical analysis},
  author={S{\"u}li, Endre and Mayers, David F},
  year={2003},
  publisher={Cambridge university press}
}
@article{kim2021stiff,
  title={Stiff neural ordinary differential equations},
  author={Kim, Suyong and Ji, Weiqi and Deng, Sili and Ma, Yingbo and Rackauckas, Christopher},
  journal={Chaos: An Interdisciplinary Journal of Nonlinear Science},
  volume={31},
  number={9},
  year={2021},
  publisher={AIP Publishing}
}
@article{heusel2017gans,
  title={Gans trained by a two time-scale update rule converge to a local nash equilibrium},
  author={Heusel, Martin and Ramsauer, Hubert and Unterthiner, Thomas and Nessler, Bernhard and Hochreiter, Sepp},
  journal={Advances in neural information processing systems},
  volume={30},
  year={2017}
}
@article{deng2012mnist,
  title={The mnist database of handwritten digit images for machine learning research},
  author={Deng, Li},
  journal={IEEE Signal Processing Magazine},
  volume={29},
  number={6},
  pages={141--142},
  year={2012},
  publisher={IEEE}
}
@inproceedings{
lipman2023flow,
title={Flow Matching for Generative Modeling},
author={Yaron Lipman and Ricky T. Q. Chen and Heli Ben-Hamu and Maximilian Nickel and Matthew Le},
booktitle={The Eleventh International Conference on Learning Representations },
year={2023}
}

@article{ruthotto2020machine,
  title={A machine learning framework for solving high-dimensional mean field game and mean field control problems},
  author={Ruthotto, Lars and Osher, Stanley J and Li, Wuchen and Nurbekyan, Levon and Fung, Samy Wu},
  journal={Proceedings of the National Academy of Sciences},
  volume={117},
  number={17},
  pages={9183--9193},
  year={2020},
  publisher={National Acad Sciences}
}
@inproceedings{rombach2022high,
  title={High-resolution image synthesis with latent diffusion models},
  author={Rombach, Robin and Blattmann, Andreas and Lorenz, Dominik and Esser, Patrick and Ommer, Bj{\"o}rn},
  booktitle={Proceedings of the IEEE/CVF conference on computer vision and pattern recognition},
  pages={10684--10695},
  year={2022}
}
@inproceedings{esser2021taming,
  title={Taming transformers for high-resolution image synthesis},
  author={Esser, Patrick and Rombach, Robin and Ommer, Bjorn},
  booktitle={Proceedings of the IEEE/CVF conference on computer vision and pattern recognition},
  pages={12873--12883},
  year={2021}
}
@inproceedings{deng2009imagenet,
  title={Imagenet: A large-scale hierarchical image database},
  author={Deng, Jia and Dong, Wei and Socher, Richard and Li, Li-Jia and Li, Kai and Fei-Fei, Li},
  booktitle={2009 IEEE conference on computer vision and pattern recognition},
  pages={248--255},
  year={2009},
  organization={Ieee}
}
@Techreport{krizhevsky2009learning,
 author = {Krizhevsky, Alex and Hinton, Geoffrey},
 address = {Toronto, Ontario},
 institution = {University of Toronto},
 number = {0},
 publisher = {Technical report, University of Toronto},
 title = {Learning multiple layers of features from tiny images},
 year = {2009},
 title_with_no_special_chars = {Learning multiple layers of features from tiny images}
}

@inproceedings{rezende2014stochastic,
  title={Stochastic backpropagation and approximate inference in deep generative models},
  author={Rezende, Danilo Jimenez and Mohamed, Shakir and Wierstra, Daan},
  booktitle={International conference on machine learning},
  pages={1278--1286},
  year={2014},
  organization={PMLR}
}

@article{maoutsa2020interacting,
  title={Interacting particle solutions of Fokker--Planck equations through gradient--log--density estimation},
  author={Maoutsa, Dimitra and Reich, Sebastian and Opper, Manfred},
  journal={Entropy},
  volume={22},
  number={8},
  pages={802},
  year={2020},
  publisher={MDPI}
}

@inproceedings{shen2022self,
  title={Self-consistency of the fokker planck equation},
  author={Shen, Zebang and Wang, Zhenfu and Kale, Satyen and Ribeiro, Alejandro and Karbasi, Amin and Hassani, Hamed},
  booktitle={Conference on Learning Theory},
  pages={817--841},
  year={2022},
  organization={PMLR}
}

@article{degond1989weighted,
  title={The weighted particle method for convection-diffusion equations. I. The case of an isotropic viscosity},
  author={Degond, Pierre and Mas-Gallic, S},
  journal={Mathematics of computation},
  volume={53},
  number={188},
  pages={485--507},
  year={1989}
}

@article{degond1990deterministic,
  title={A deterministic approximation of diffusion equations using particles},
  author={Degond, Pierre and Mustieles, Francisco-Jos{\'e}},
  journal={SIAM Journal on Scientific and Statistical Computing},
  volume={11},
  number={2},
  pages={293--310},
  year={1990},
  publisher={SIAM}
}

@article{johnson2019framework,
  title={A framework of composite functional gradient methods for generative adversarial models},
  author={Johnson, Rie and Zhang, Tong},
  journal={IEEE transactions on pattern analysis and machine intelligence},
  volume={43},
  number={1},
  pages={17--32},
  year={2019},
  publisher={IEEE}
}


@article{kingma2018glow,
  title={Glow: Generative flow with invertible 1x1 convolutions},
  author={Kingma, Durk P and Dhariwal, Prafulla},
  journal={Advances in neural information processing systems},
  volume={31},
  year={2018}
}

@inproceedings{dinh2015nice,
  author       = {Laurent Dinh and
                  David Krueger and
                  Yoshua Bengio},
  editor       = {Yoshua Bengio and
                  Yann LeCun},
  title        = {{NICE:} Non-linear Independent Components Estimation},
  booktitle    = {3rd International Conference on Learning Representations, {ICLR} 2015,
                  San Diego, CA, USA, May 7-9, 2015, Workshop Track Proceedings},
  year         = {2015}
}

@article{liu2016stein,
  title={Stein variational gradient descent: A general purpose bayesian inference algorithm},
  author={Liu, Qiang and Wang, Dilin},
  journal={Advances in neural information processing systems},
  volume={29},
  year={2016}
}

@article{yarotsky2017error,
  title={Error bounds for approximations with deep ReLU networks},
  author={Yarotsky, Dmitry},
  journal={Neural Networks},
  volume={94},
  pages={103--114},
  year={2017},
  publisher={Elsevier}
}
@article{arcones1992bootstrap,
  title={On the bootstrap of U and V statistics},
  author={Arcones, Miguel A and Gine, Evarist},
  journal={The Annals of Statistics},
  pages={655--674},
  year={1992},
  publisher={JSTOR}
}
@inproceedings{stein1972bound,
  title={A bound for the error in the normal approximation to the distribution of a sum of dependent random variables},
  author={Stein, Charles},
  booktitle={Proceedings of the sixth Berkeley symposium on mathematical statistics and probability, volume 2: Probability theory},
  volume={6},
  pages={583--603},
  year={1972},
  organization={University of California Press}
}
@article{
alvarez-melis2022optimizing,
title={Optimizing Functionals on the Space of Probabilities with Input Convex Neural Networks},
author={David Alvarez-Melis and Yair Schiff and Youssef Mroueh},
journal={Transactions on Machine Learning Research},
issn={2835-8856},
year={2022},
note={}
}



@InProceedings{fan2022variational,
  title = 	 {Variational {W}asserstein gradient flow},
  author =       {Fan, Jiaojiao and Zhang, Qinsheng and Taghvaei, Amirhossein and Chen, Yongxin},
  booktitle = 	 {Proceedings of the 39th International Conference on Machine Learning},
  pages = 	 {6185--6215},
  year = 	 {2022},
  publisher =    {PMLR},
}


@inproceedings{
rout2022generative,
title={Generative Modeling with Optimal Transport Maps},
author={Litu Rout and Alexander Korotin and Evgeny Burnaev},
booktitle={International Conference on Learning Representations},
year={2022}
}

@article{huang2021variational,
  title={A variational perspective on diffusion-based generative models and score matching},
  author={Huang, Chin-Wei and Lim, Jae Hyun and Courville, Aaron C},
  journal={Advances in Neural Information Processing Systems},
  volume={34},
  pages={22863--22876},
  year={2021}
}

@article{salim2020wasserstein,
  title={The wasserstein proximal gradient algorithm},
  author={Salim, Adil and Korba, Anna and Luise, Giulia},
  journal={Advances in Neural Information Processing Systems},
  volume={33},
  pages={12356--12366},
  year={2020}
}
@article{theis2015note,
  title={A note on the evaluation of generative models},
  author={Theis, Lucas and Oord, A{\"a}ron van den and Bethge, Matthias},
  journal={arXiv preprint arXiv:1511.01844},
  year={2015}
}
@article{mokrov2021large,
  title={Large-scale wasserstein gradient flows},
  author={Mokrov, Petr and Korotin, Alexander and Li, Lingxiao and Genevay, Aude and Solomon, Justin M and Burnaev, Evgeny},
  journal={Advances in Neural Information Processing Systems},
  volume={34},
  pages={15243--15256},
  year={2021}
}
@article{vidal2023taming,
  title={Taming hyperparameter tuning in continuous normalizing flows using the JKO scheme},
  author={Vidal, Alexander and Wu Fung, Samy and Tenorio, Luis and Osher, Stanley and Nurbekyan, Levon},
  journal={Scientific Reports},
  volume={13},
  number={1},
  pages={4501},
  year={2023},
  publisher={Nature Publishing Group UK London}
}

@article{jordan1998variational,
  title={The variational formulation of the Fokker--Planck equation},
  author={Jordan, Richard and Kinderlehrer, David and Otto, Felix},
  journal={SIAM journal on mathematical analysis},
  volume={29},
  number={1},
  pages={1--17},
  year={1998},
  publisher={SIAM}
}

@article{zhang2021diffusion,
  title={Diffusion normalizing flow},
  author={Zhang, Qinsheng and Chen, Yongxin},
  journal={Advances in Neural Information Processing Systems},
  volume={34},
  pages={16280--16291},
  year={2021}
}


@article{ho2020denoising,
  title={Denoising diffusion probabilistic models},
  author={Ho, Jonathan and Jain, Ajay and Abbeel, Pieter},
  journal={Advances in Neural Information Processing Systems},
  volume={33},
  pages={6840--6851},
  year={2020}
}


@article{tabak2010density,
  title={Density estimation by dual ascent of the log-likelihood},
  author={Tabak, Esteban G and Vanden-Eijnden, Eric},
  journal={Communications in Mathematical Sciences},
  volume={8},
  number={1},
  pages={217--233},
  year={2010},
  publisher={International Press of Boston}
}

@article{barron1993universal,
  title={Universal approximation bounds for superpositions of a sigmoidal function},
  author={Barron, Andrew R},
  journal={IEEE Transactions on Information theory},
  volume={39},
  number={3},
  pages={930--945},
  year={1993},
  publisher={IEEE}
}

@inproceedings{lee2017ability,
  title={On the ability of neural nets to express distributions},
  author={Lee, Holden and Ge, Rong and Ma, Tengyu and Risteski, Andrej and Arora, Sanjeev},
  booktitle={Conference on Learning Theory},
  pages={1271--1296},
  year={2017},
  organization={PMLR}
}

@article{bailey2018size,
  title={Size-noise tradeoffs in generative networks},
  author={Bailey, Bolton and Telgarsky, Matus J},
  journal={Advances in Neural Information Processing Systems},
  volume={31},
  year={2018}
}


@article{lu2020universal,
  title={A universal approximation theorem of deep neural networks for expressing probability distributions},
  author={Lu, Yulong and Lu, Jianfeng},
  journal={Advances in neural information processing systems},
  volume={33},
  pages={3094--3105},
  year={2020}
}

@inproceedings{perekrestenko2020constructive,
  title={Constructive universal high-dimensional distribution generation through deep ReLU networks},
  author={Perekrestenko, Dmytro and M{\"u}ller, Stephan and B{\"o}lcskei, Helmut},
  booktitle={International Conference on Machine Learning},
  pages={7610--7619},
  year={2020},
  organization={PMLR}
}

@article{perekrestenko2021high,
  title={High-dimensional distribution generation through deep neural networks},
  author={Perekrestenko, Dmytro and Eberhard, L{\'e}andre and B{\"o}lcskei, Helmut},
  journal={Partial Differential Equations and Applications},
  volume={2},
  number={5},
  pages={1--44},
  year={2021},
  publisher={Springer}
}

@inproceedings{song2021score,
  title={Score-Based Generative Modeling through Stochastic Differential Equations},
  author={Song, Yang and Sohl-Dickstein, Jascha and Kingma, Diederik P and Kumar, Abhishek and Ermon, Stefano and Poole, Ben},
  booktitle={International Conference on Learning Representations},
  year={2021}
}



@article{song2019generative,
  title={Generative modeling by estimating gradients of the data distribution},
  author={Song, Yang and Ermon, Stefano},
  journal={Advances in Neural Information Processing Systems},
  volume={32},
  year={2019}
}

@article{block2020generative,
  title={Generative modeling with denoising auto-encoders and langevin sampling},
  author={Block, Adam and Mroueh, Youssef and Rakhlin, Alexander},
  journal={arXiv preprint arXiv:2002.00107},
  year={2020}
}
@inproceedings{
    sutherland2017generative,
    title={Generative Models and Model Criticism via Optimized Maximum Mean Discrepancy},
    author={Danica J. Sutherland and Hsiao-Yu Tung and Heiko Strathmann and Soumyajit De and Aaditya Ramdas and Alex Smola and Arthur Gretton},
    booktitle={International Conference on Learning Representations},
    year={2017}
}
@article{gretton2012optimal,
  title={Optimal kernel choice for large-scale two-sample tests},
  author={Gretton, Arthur and Sejdinovic, Dino and Strathmann, Heiko and Balakrishnan, Sivaraman and Pontil, Massimiliano and Fukumizu, Kenji and Sriperumbudur, Bharath K},
  journal={Advances in neural information processing systems},
  volume={25},
  year={2012}
}
@article{schrab2023MMD,
  author  = {Antonin Schrab and Ilmun Kim and MÃ©lisande Albert and BÃ©atrice Laurent and Benjamin Guedj and Arthur Gretton},
  title   = {MMD Aggregated Two-Sample Test},
  journal = {Journal of Machine Learning Research},
  year    = {2023},
  volume  = {24},
  number  = {194},
  pages   = {1--81}
}
@article{tzen2019neural,
  title={Neural stochastic differential equations: Deep latent gaussian models in the diffusion limit},
  author={Tzen, Belinda and Raginsky, Maxim},
  journal={arXiv preprint arXiv:1905.09883},
  year={2019}
}

@inproceedings{tzen2019theoretical,
  title={Theoretical guarantees for sampling and inference in generative models with latent diffusions},
  author={Tzen, Belinda and Raginsky, Maxim},
  booktitle={Conference on Learning Theory},
  pages={3084--3114},
  year={2019},
  organization={PMLR}
}

@article{huang2023bridging,
  title={Bridging mean-field games and normalizing flows with trajectory regularization},
  author={Huang, Han and Yu, Jiajia and Chen, Jie and Lai, Rongjie},
  journal={Journal of Computational Physics},
  pages={112155},
  year={2023},
  publisher={Elsevier}
}


@article{bolley2012convergence,
  title={Convergence to equilibrium in Wasserstein distance for Fokker--Planck equations},
  author={Bolley, Fran{\c{c}}ois and Gentil, Ivan and Guillin, Arnaud},
  journal={Journal of Functional Analysis},
  volume={263},
  number={8},
  pages={2430--2457},
  year={2012},
  publisher={Elsevier}
}
@article{Wehenkel2019UnconstrainedMN,
  title={Unconstrained Monotonic Neural Networks},
  author={Antoine Wehenkel and Gilles Louppe},
  journal={ArXiv},
  year={2019},
  volume={abs/1908.05164}
}

@inproceedings{RNVP,
  author       = {Laurent Dinh and
                  Jascha Sohl{-}Dickstein and
                  Samy Bengio},
  title        = {Density estimation using Real {NVP}},
  booktitle    = {5th International Conference on Learning Representations, {ICLR} 2017,
                  Toulon, France, April 24-26, 2017, Conference Track Proceedings},
  publisher    = {OpenReview.net},
  year         = {2017}
}
@inproceedings{
albergo2023building,
title={Building Normalizing Flows with Stochastic Interpolants},
author={Michael Samuel Albergo and Eric Vanden-Eijnden},
booktitle={The Eleventh International Conference on Learning Representations },
year={2023}
}
@inproceedings{finlay2020train,
  title={How to train your neural ODE: the world of Jacobian and kinetic regularization},
  author={Finlay, Chris and Jacobsen, J{\"o}rn-Henrik and Nurbekyan, Levon and Oberman, Adam},
  booktitle={International conference on machine learning},
  pages={3154--3164},
  year={2020},
  organization={PMLR}
}
@article{papamakarios2017masked,
  title={Masked autoregressive flow for density estimation},
  author={Papamakarios, George and Pavlakou, Theo and Murray, Iain},
  journal={Advances in neural information processing systems},
  volume={30},
  year={2017}
}
@article{xu2022training,
  title={Training neural networks using monotone variational inequality},
  author={Xu, Chen and Cheng, Xiuyuan and Xie, Yao},
  journal={arXiv preprint arXiv:2202.08876},
  year={2022}
}

@book{Sideris2013OrdinaryDE,
  title={Ordinary differential equations and dynamical systems},
  author={Sideris, Thomas C},
  volume={2},
  year={2013},
  publisher={Springer}
}

@inproceedings{
cheng2021graph,
title={Graph Convolution with Low-rank Learnable Local Filters},
author={Xiuyuan Cheng and Zichen Miao and Qiang Qiu},
booktitle={International Conference on Learning Representations},
year={2021}
}
@inproceedings{GCN,
  author    = {Thomas N. Kipf and
               Max Welling},
  title     = {Semi-Supervised Classification with Graph Convolutional Networks},
  booktitle = {5th International Conference on Learning Representations, {ICLR} 2017,
               Toulon, France, April 24-26, 2017, Conference Track Proceedings},
  publisher = {OpenReview.net},
  year      = {2017},
  timestamp = {Thu, 25 Jul 2019 14:25:55 +0200},
  biburl    = {https://dblp.org/rec/conf/iclr/KipfW17.bib},
  bibsource = {dblp computer science bibliography, https://dblp.org}
}
@article{ELU,
  title={Fast and accurate deep network learning by exponential linear units (elus)},
  author={Clevert, Djork-Arn{\'e} and Unterthiner, Thomas and Hochreiter, Sepp},
  journal={arXiv preprint arXiv:1511.07289},
  year={2015}
}
@inproceedings{Lucas2019UnderstandingPC,
  title={Understanding Posterior Collapse in Generative Latent Variable Models},
  author={James Lucas and G. Tucker and Roger B. Grosse and Mohammad Norouzi},
  booktitle={DGS@ICLR},
  year={2019}
}

@inproceedings{Salimans2016ImprovedTF,
 author = {Salimans, Tim and Goodfellow, Ian and Zaremba, Wojciech and Cheung, Vicki and Radford, Alec and Chen, Xi and Chen, Xi},
 booktitle = {Advances in Neural Information Processing Systems},
 pages = {},
 publisher = {Curran Associates, Inc.},
 title = {Improved Techniques for Training GANs},
 volume = {29},
 year = {2016}
}


@article{zhang2018monge,
  title={Monge-{A}mp\'ere flow for generative modeling},
  author={Zhang, Linfeng and Wang, Lei and others},
  journal={arXiv preprint arXiv:1809.10188},
  year={2018}
}
@inproceedings{liutkus2019sliced,
  title={Sliced-Wasserstein flows: Nonparametric generative modeling via optimal transport and diffusions},
  author={Liutkus, Antoine and Simsekli, Umut and Majewski, Szymon and Durmus, Alain and St{\"o}ter, Fabian-Robert},
  booktitle={International Conference on Machine Learning},
  pages={4104--4113},
  year={2019},
  organization={PMLR}
}

@article{liu2019graph,
  title={Graph normalizing flows},
  author={Liu, Jenny and Kumar, Aviral and Ba, Jimmy and Kiros, Jamie and Swersky, Kevin},
  journal={Advances in Neural Information Processing Systems},
  volume={32},
  year={2019}
}

@article{VAE_review,
	year = 2019,
	publisher = {Now Publishers},
	volume = {12},
	number = {4},
	pages = {307--392},
	author = {Diederik P. Kingma and Max Welling},
	title = {An Introduction to Variational Autoencoders},
	journal = {Foundations and Trends{\textregistered} in Machine Learning}
}
@article{chen2018neural,
  title={Neural ordinary differential equations},
  author={Chen, Ricky TQ and Rubanova, Yulia and Bettencourt, Jesse and Duvenaud, David K},
  journal={Advances in neural information processing systems},
  volume={31},
  year={2018}
}

@inproceedings{
xu2023normalizing,
title={Normalizing flow neural networks by {JKO} scheme},
author={Chen Xu and Xiuyuan Cheng and Yao Xie},
booktitle={Thirty-seventh Conference on Neural Information Processing Systems},
year={2023}
}
@inproceedings{
korotin2021wasserstein,
title={Wasserstein-2 Generative Networks},
author={Alexander Korotin and Vage Egiazarian and Arip Asadulaev and Alexander Safin and Evgeny Burnaev},
booktitle={International Conference on Learning Representations},
year={2021}
}

@article{Zhu2017UnpairedIT,
  title={Unpaired Image-to-Image Translation Using Cycle-Consistent Adversarial Networks},
  author={Jun-Yan Zhu and Taesung Park and Phillip Isola and Alexei A. Efros},
  journal={2017 IEEE International Conference on Computer Vision (ICCV)},
  year={2017},
  pages={2242-2251}
}
@inproceedings{
FFJORD,
title={Scalable Reversible Generative Models with Free-form Continuous Dynamics},
author={Will Grathwohl and Ricky T. Q. Chen and Jesse Bettencourt and David Duvenaud},
booktitle={International Conference on Learning Representations},
year={2019}
}

@inproceedings{Ziegler2019LatentNF,
  title={Latent Normalizing Flows for Discrete Sequences},
  author={Zachary M. Ziegler and Alexander M. Rush},
  booktitle={ICML},
  year={2019}
}
@article{Ledig2017PhotoRealisticSI,
  title={Photo-Realistic Single Image Super-Resolution Using a Generative Adversarial Network},
  author={Christian Ledig and Lucas Theis and Ferenc Husz{\'a}r and Jose Caballero and Andrew P. Aitken and Alykhan Tejani and Johannes Totz and Zehan Wang and Wenzhe Shi},
  journal={2017 IEEE Conference on Computer Vision and Pattern Recognition (CVPR)},
  year={2017},
  pages={105-114}
}
@article{Makhzani2015AdversarialA,
  title={Adversarial Autoencoders},
  author={Alireza Makhzani and Jonathon Shlens and Navdeep Jaitly and Ian J. Goodfellow},
  journal={ArXiv},
  year={2015},
  volume={abs/1511.05644}
}

@inproceedings{VAE,
  author       = {Diederik P. Kingma and
                  Max Welling},
  editor       = {Yoshua Bengio and
                  Yann LeCun},
  title        = {Auto-Encoding Variational Bayes},
  booktitle    = {2nd International Conference on Learning Representations, {ICLR} 2014,
                  Banff, AB, Canada, April 14-16, 2014, Conference Track Proceedings},
  year         = {2014}
}

@inproceedings{WassersteinGAN,
  title={Improved Training of Wasserstein GANs},
  author={Ishaan Gulrajani and Faruk Ahmed and Mart{\'i}n Arjovsky and Vincent Dumoulin and Aaron C. Courville},
  booktitle={NIPS},
  year={2017}
}
@article{LiouvilleNoteSL,
  title={Note sur la Th{\'e}orie de la Variation des constantes arbitraires.},
  author={Joseph Liouville},
  journal={Journal de Math{\'e}matiques Pures et Appliqu{\'e}es},
  pages={342-349}
}
@article{planck1917satz,
  title={{\"U}ber einen Satz der statistischen Dynamik und seine Erweiterung in der Quantentheorie},
  author={Planck, VM},
  journal={Sitzungberichte der},
  year={1917}
}
@article{FokkerDieME,
  title={Die mittlere Energie rotierender elektrischer Dipole im Strahlungsfeld},
  author={A. D. Fokker},
  journal={Annalen der Physik},
  volume={348},
  pages={810-820}
}


@inproceedings{Ehrendorfer2003TheLE,
  title={The Liouville Equation in Atmospheric Predictability},
  author={Martin Ehrendorfer},
  year={2003}
}
@article{gama2020stability,
  title={Stability properties of graph neural networks},
  author={Gama, Fernando and Bruna, Joan and Ribeiro, Alejandro},
  journal={IEEE Transactions on Signal Processing},
  volume={68},
  pages={5680--5695},
  year={2020},
  publisher={IEEE}
}
@article{Wang2022AnIG,
  title={An Invertible Graph Diffusion Neural Network for Source Localization},
  author={Junxiang Wang and Junji Jiang and Liang Zhao},
  journal={Proceedings of the ACM Web Conference 2022},
  year={2022}
}
@article{univ_approx2,
  title={Universal Function Approximation on Graphs},
  author={Rickard Br{\"u}el-Gabrielsson},
  journal={arXiv: Data Structures and Algorithms},
  year={2020}
}
@inproceedings{univ_approx,
  title={Neural Networks: A Comprehensive Foundation},
  author={Simon Haykin},
  year={1998}
}
@inproceedings{univ_approx1,
  title={The Expressive Power of Neural Networks: A View from the Width},
  author={Zhou Lu and Hongming Pu and Feicheng Wang and Zhiqiang Hu and Liwei Wang},
  booktitle={NIPS},
  year={2017}
}
@article{Ronquist2012MrBayes3E,
  title={MrBayes 3.2: Efficient Bayesian Phylogenetic Inference and Model Choice Across a Large Model Space},
  author={Fredrik Ronquist and Maxim Teslenko and Paul van der Mark and Daniel L. Ayres and Aaron E. Darling and Sebastian H{\"o}hna and Bret R. Larget and Liang Liu and Marc A. Suchard and John P. Huelsenbeck},
  journal={Systematic Biology},
  year={2012},
  volume={61},
  pages={539 - 542}
}

@inproceedings{Ioffe2015BatchNA,
  title={Batch normalization: Accelerating deep network training by reducing internal covariate shift},
  author={Ioffe, Sergey and Szegedy, Christian},
  booktitle={International conference on machine learning},
  pages={448--456},
  year={2015},
  organization={PMLR}
}
@article{CGAN_old,
  title={Conditional Generative Adversarial Nets},
  author={Mehdi Mirza and Simon Osindero},
  journal={ArXiv},
  year={2014},
  volume={abs/1411.1784}
}
@inproceedings{GAN,
  title={Generative Adversarial Nets},
  author={Ian J. Goodfellow and Jean Pouget-Abadie and Mehdi Mirza and Bing Xu and David Warde-Farley and Sherjil Ozair and Aaron C. Courville and Yoshua Bengio},
  booktitle={NIPS},
  year={2014}
}
@article{CINN,
  title={Guided image generation with conditional invertible neural networks},
  author={Ardizzone, Lynton and L{\"u}th, Carsten and Kruse, Jakob and Rother, Carsten and K{\"o}the, Ullrich},
  journal={arXiv preprint arXiv:1907.02392},
  year={2019}
}
@article{CGAN,
  title={Image-to-Image Translation with Conditional Adversarial Networks},
  author={Phillip Isola and Jun-Yan Zhu and Tinghui Zhou and Alexei A. Efros},
  journal={2017 IEEE Conference on Computer Vision and Pattern Recognition (CVPR)},
  year={2017},
  pages={5967-5976}
}
@inproceedings{Lubotzky1994DiscreteGE,
  title={Discrete groups, expanding graphs and invariant measures},
  author={Alexander Lubotzky},
  booktitle={Progress in mathematics},
  year={1994}
}
@article{Chebnet,
  title={Convolutional neural networks on graphs with fast localized spectral filtering},
  author={Defferrard, Micha{\"e}l and Bresson, Xavier and Vandergheynst, Pierre},
  journal={Advances in neural information processing systems},
  volume={29},
  year={2016}
}

@inproceedings{Kingma2015AdamAM,
  author       = {Diederik P. Kingma and
                  Jimmy Ba},
  editor       = {Yoshua Bengio and
                  Yann LeCun},
  title        = {Adam: {A} Method for Stochastic Optimization},
  booktitle    = {3rd International Conference on Learning Representations, {ICLR} 2015,
                  San Diego, CA, USA, May 7-9, 2015, Conference Track Proceedings},
  year         = {2015},
}

@article{GraphResNet,
  title={Gresnet: Graph residual network for reviving deep gnns from suspended animation},
  author={Zhang, Jiawei and Meng, Lin},
  journal={arXiv preprint arXiv:1909.05729},
  year={2019}
}
@article{Lawrence1986SomePR,
  title={Some practical Runge-Kutta formulas},
  author={F Shampine Lawrence},
  journal={Mathematics of Computation},
  year={1986},
  volume={46},
  pages={135-150}
}
@article{mathieu2020riemannian,
  title={Riemannian continuous normalizing flows},
  author={Mathieu, Emile and Nickel, Maximilian},
  journal={Advances in Neural Information Processing Systems},
  volume={33},
  pages={2503--2515},
  year={2020}
}
@InProceedings{Simonyan15,
  author       = "Karen Simonyan and Andrew Zisserman",
  title        = "Very Deep Convolutional Networks for Large-Scale Image Recognition",
  booktitle    = "International Conference on Learning Representations",
  year         = "2015",
}
@article{Mortenson2018InverseDD,
  title={"Inverse Drug Discovery" Strategy To Identify Proteins That Are Targeted by Latent Electrophiles As Exemplified by Aryl Fluorosulfates.},
  author={David E. Mortenson and Gabriel J. Brighty and Lars Plate and Grant A. Bare and Wentao Chen and Suhua Li and Hua Wang and Benjamin F. Cravatt and Stefano Forli and Evan T. Powers and K. Barry Sharpless and Ian A. Wilson and Jeffery W. Kelly},
  journal={Journal of the American Chemical Society},
  year={2018},
  volume={140 1},
  pages={
          200-210
        }
}
@article{Newey1986LargeSE,
  title={Large sample estimation and hypothesis testing},
  author={Whitney Newey and Daniel McFadden},
  journal={Handbook of Econometrics},
  year={1986},
  volume={4},
  pages={2111-2245}
}
@article{Gretton2012AKT,
  title={A Kernel Two-Sample Test},
  author={Arthur Gretton and Karsten M. Borgwardt and Malte J. Rasch and Bernhard Sch{\"o}lkopf and Alex Smola},
  journal={J. Mach. Learn. Res.},
  year={2012},
  volume={13},
  pages={723-773}
}
@article{Szkely2013EnergySA,
  title={Energy statistics: A class of statistics based on distances},
  author={G{\'a}bor J. Sz{\'e}kely and Maria L. Rizzo},
  journal={Journal of Statistical Planning and Inference},
  year={2013},
  volume={143},
  pages={1249-1272}
}
@article{Lintusaari2017FundamentalsAR,
  title={Fundamentals and Recent Developments in Approximate Bayesian Computation},
  author={Jarno Lintusaari and Michael U. Gutmann and Ritabrata Dutta and Samuel Kaski and Jukka Corander},
  journal={Systematic Biology},
  year={2017},
  volume={66},
  pages={e66 - e82}
}
@article{Ahmed2008MarkovCM,
  title={Markov Chain Monte Carlo: Stochastic Simulation for Bayesian Inference},
  author={S. Ejaz Ahmed},
  journal={Technometrics},
  year={2008},
  volume={50},
  pages={97 - 97}
}
@article{SnchezLengeling2018InverseMD,
  title={Inverse molecular design using machine learning: Generative models for matter engineering},
  author={Benjam{\'i}n S{\'a}nchez-Lengeling and Al{\'a}n Aspuru-Guzik},
  journal={Science},
  year={2018},
  volume={361},
  pages={360 - 365}
}
@article{Asim2020InvertibleGM,
  title={Invertible generative models for inverse problems: mitigating representation error and dataset bias},
  author={Muhammad Asim and Ali Ahmed and Paul Hand},
  journal={ArXiv},
  year={2020},
  volume={abs/1905.11672}
}
@inproceedings{Sohn2015LearningSO,
  title={Learning Structured Output Representation using Deep Conditional Generative Models},
  author={Kihyuk Sohn and Honglak Lee and Xinchen Yan},
  booktitle={NIPS},
  year={2015}
}
@article{CINN_inverse,
  title={Analyzing Inverse Problems with Invertible Neural Networks},
  author={Lynton Ardizzone and Jakob Kruse and Sebastian J. Wirkert and Daniel Rahner and Eric Pellegrini and Ralf S. Klessen and Lena Maier-Hein and Carsten Rother and U. K{\"o}the},
  journal={ArXiv},
  year={2019},
  volume={abs/1808.04730}
}
@article{Lu2015RecommenderSA,
  title={Recommender system application developments: A survey},
  author={Jie Lu and Dianshuang Wu and Mingsong Mao and Wei Wang and Guangquan Zhang},
  journal={Decis. Support Syst.},
  year={2015},
  volume={74},
  pages={12-32}
}

@ARTICLE{xu2022invertible,
  author={Xu, Chen and Cheng, Xiuyuan and Xie, Yao},
  journal={IEEE Journal on Selected Areas in Information Theory}, 
  title={Invertible Neural Networks for Graph Prediction}, 
  year={2022},
  volume={3},
  number={3},
  pages={454-467}
}


@inproceedings{AlShaalan2019ReliabilityEO,
  title={Reliability Evaluation of Power Systems},
  author={Abdullah M. Al-Shaalan},
  year={2019}
}
@inproceedings{Zong2018DeepAG,
  title={Deep Autoencoding Gaussian Mixture Model for Unsupervised Anomaly Detection},
  author={Bo Zong and Qi Song and Martin Renqiang Min and Wei Cheng and Cristian Lumezanu and Dae-ki Cho and Haifeng Chen},
  booktitle={ICLR},
  year={2018}
}
@inproceedings{iResnet,
  title={Invertible residual networks},
  author={Behrmann, Jens and Grathwohl, Will and Chen, Ricky TQ and Duvenaud, David and Jacobsen, J{\"o}rn-Henrik},
  booktitle={International Conference on Machine Learning},
  pages={573--582},
  year={2019},
  organization={PMLR}
}
@inproceedings{Fey/Lenssen/2019,
  title={Fast Graph Representation Learning with {PyTorch Geometric}},
  author={Fey, Matthias and Lenssen, Jan E.},
  booktitle={ICLR Workshop on Representation Learning on Graphs and Manifolds},
  year={2019},
}
@incollection{NEURIPS2019_9015,
title = {PyTorch: An Imperative Style, High-Performance Deep Learning Library},
author = {Paszke, Adam and Gross, Sam and Massa, Francisco and Lerer, Adam and Bradbury, James and Chanan, Gregory and Killeen, Trevor and Lin, Zeming and Gimelshein, Natalia and Antiga, Luca and Desmaison, Alban and Kopf, Andreas and Yang, Edward and DeVito, Zachary and Raison, Martin and Tejani, Alykhan and Chilamkurthy, Sasank and Steiner, Benoit and Fang, Lu and Bai, Junjie and Chintala, Soumith},
booktitle = {Advances in Neural Information Processing Systems 32},
editor = {H. Wallach and H. Larochelle and A. Beygelzimer and F. d\textquotesingle Alch\'{e}-Buc and E. Fox and R. Garnett},
pages = {8024--8035},
year = {2019},
publisher = {Curran Associates, Inc.}
}

@article{Hutchinson1989ASE,
  title={A stochastic estimator of the trace of the influence matrix for laplacian smoothing splines},
  author={Michael F. Hutchinson},
  journal={Communications in Statistics - Simulation and Computation},
  year={1989},
  volume={18},
  pages={1059-1076}
}
@article{liu2022neural,
  title={Neural Parametric Fokker--Planck Equation},
  author={Liu, Shu and Li, Wuchen and Zha, Hongyuan and Zhou, Haomin},
  journal={SIAM Journal on Numerical Analysis},
  volume={60},
  number={3},
  pages={1385--1449},
  year={2022},
  publisher={SIAM}
}
@inproceedings{amos2017input,
  title={Input convex neural networks},
  author={Amos, Brandon and Xu, Lei and Kolter, J Zico},
  booktitle={International Conference on Machine Learning},
  pages={146--155},
  year={2017},
  organization={PMLR}
}
@inproceedings{bunne2022proximal,
  title={Proximal Optimal Transport Modeling of Population Dynamics},
  author={Bunne, Charlotte and Papaxanthos, Laetitia and Krause, Andreas and Cuturi, Marco},
  booktitle={International Conference on Artificial Intelligence and Statistics},
  pages={6511--6528},
  year={2022},
  organization={PMLR}
}
@article{HJB,
  title={An introduction to mathematical optimal control theory version 0.2},
  author={Evans, Lawrence C},
  journal={Lecture notes available at http://math. berkeley. edu/\~{} evans/control. course. pdf},
  year={1983}
}

@inproceedings{OT-Flow,
  title={Ot-flow: Fast and accurate continuous normalizing flows via optimal transport},
  author={Onken, Derek and Wu Fung, S and Li, Xingjian and Ruthotto, Lars},
  booktitle={Proceedings of the AAAI Conference on Artificial Intelligence},
  volume={35},
  number={1-18},
  year={2021}
}
@article{ResFlow,
  title={Residual flows for invertible generative modeling},
  author={Chen, Ricky TQ and Behrmann, Jens and Duvenaud, David K and Jacobsen, J{\"o}rn-Henrik},
  journal={Advances in Neural Information Processing Systems},
  volume={32},
  year={2019}
}

@article{nflow_review,
  title={Normalizing flows: An introduction and review of current methods},
  author={Kobyzev, Ivan and Prince, Simon JD and Brubaker, Marcus A},
  journal={IEEE transactions on pattern analysis and machine intelligence},
  volume={43},
  number={11},
  pages={3964--3979},
  year={2020},
  publisher={IEEE}
}