@book{goodfellow2016deep,
  title={Deep learning},
  author={Goodfellow, Ian and Bengio, Yoshua and Courville, Aaron},
  year={2016},
  publisher={MIT press}
}

@article{arora2019theoretical,
  title={A theoretical analysis of contrastive unsupervised representation learning},
  author={Arora, Sanjeev and Khandeparkar, Hrishikesh and Khodak, Mikhail and Plevrakis, Orestis and Saunshi, Nikunj},
  journal={arXiv preprint arXiv:1902.09229},
  year={2019}
}

@article{bridle1991unsupervised,
  title={Unsupervised classifiers, mutual information and'phantom targets},
  author={Bridle, John and Heading, Anthony and MacKay, David},
  journal={Advances in neural information processing systems},
  volume={4},
  year={1991}
}
@inproceedings{hoffman2016elbo,
  title={Elbo surgery: yet another way to carve up the variational evidence lower bound},
  author={Hoffman, Matthew D and Johnson, Matthew J},
  booktitle={Workshop in Advances in Approximate Bayesian Inference, NIPS},
  volume={1},
  number={2},
  year={2016}
}
@inproceedings{zha2001spectral,
  title={Spectral relaxation for k-means clustering},
  author={Zha, Hongyuan and He, Xiaofeng and Ding, Chris and Gu, Ming and Simon, Horst D},
  booktitle={NeurIPS},
  pages={1057--1064},
  year={2001}
}
@inproceedings{awasthi2015relax,
  title={Relax, no need to round: Integrality of clustering formulations},
  author={Awasthi, Pranjal and Bandeira, Afonso S and Charikar, Moses and Krishnaswamy, Ravishankar and Villar, Soledad and Ward, Rachel},
  booktitle={Proceedings of the 2015 Conference on Innovations in Theoretical Computer Science},
  pages={191--200},
  year={2015}
}
@article{hornik2012spherical,
  title={Spherical k-means clustering},
  author={Hornik, Kurt and Feinerer, Ingo and Kober, Martin and Buchta, Christian},
  journal={Journal of statistical software},
  volume={50},
  pages={1--22},
  year={2012}
}
@article{park2009simple,
  title={A simple and fast algorithm for K-medoids clustering},
  author={Park, Hae-Sang and Jun, Chi-Hyuck},
  journal={Expert systems with applications},
  volume={36},
  number={2},
  pages={3336--3341},
  year={2009},
  publisher={Elsevier}
}
@article{van2008visualizing,
  title={Visualizing data using t-SNE.},
  author={Van der Maaten, Laurens and Hinton, Geoffrey},
  journal={Journal of machine learning research},
  volume={9},
  number={11},
  year={2008}
}
@inproceedings{wang2010learning,
  title={Learning a bi-stochastic data similarity matrix},
  author={Wang, Fei and Li, Ping and Konig, Arnd Christian},
  booktitle={2010 IEEE International Conference on Data Mining},
  pages={551--560},
  year={2010},
  organization={IEEE}
}
@inproceedings{meilua2006uniqueness,
  title={The uniqueness of a good optimum for k-means},
  author={Meil{\u{a}}, Marina},
  booktitle={Proceedings of the 23rd international conference on Machine learning},
  pages={625--632},
  year={2006}
}
@inproceedings{wu2009adapting,
  title={Adapting the right measures for k-means clustering},
  author={Wu, Junjie and Xiong, Hui and Chen, Jian},
  booktitle={Proceedings of the 15th ACM SIGKDD international conference on Knowledge discovery and data mining},
  pages={877--886},
  year={2009}
}
@article{liang2012k,
  title={The $ K $-means-type algorithms versus imbalanced data distributions},
  author={Liang, Jiye and Bai, Liang and Dang, Chuangyin and Cao, Fuyuan},
  journal={IEEE Transactions on Fuzzy Systems},
  volume={20},
  number={4},
  pages={728--745},
  year={2012},
  publisher={IEEE}
}
@article{rujeerapaiboon2019size,
  title={Size matters: Cardinality-constrained clustering and outlier detection via conic optimization},
  author={Rujeerapaiboon, Napat and Schindler, Kilian and Kuhn, Daniel and Wiesemann, Wolfram},
  journal={SIAM J. Optimization},
  volume={29},
  number={2},
  pages={1211--1239},
  year={2019},
  publisher={SIAM}
}
@article{bradley2000constrained,
  title={Constrained k-means clustering},
  author={Bradley, Paul S and Bennett, Kristin P and Demiriz, Ayhan},
  journal={Microsoft Research, Redmond},
  volume={20},
  year={2000}
}
@inproceedings{kleindessner2019fair,
	title={Fair k-center clustering for data summarization},
	author={Kleindessner, Matth{\"a}us and Awasthi, Pranjal and Morgenstern, Jamie},
	booktitle={ICML},
	pages={3448--3457},
	year={2019},
	organization={PMLR}
}
@article{bordia2019identifying,
	title={Identifying and reducing gender bias in word-level language models},
	author={Bordia, Shikha and Bowman, Samuel R},
	journal={arXiv preprint arXiv:1904.03035},
	year={2019}
}
@inproceedings{buolamwini2018gender,
	title={Gender shades: Intersectional accuracy disparities in commercial gender classification},
	author={Buolamwini, Joy and Gebru, Timnit},
	booktitle={Conference on Fairness, Accountability and Transparency},
	pages={77--91},
	year={2018},
	organization={PMLR}
}

@article{ma2022principles,
  title={On the principles of Parsimony and Self-consistency for the emergence of intelligence},
  author={Ma, Yi and Tsao, Doris and Shum, Heung-Yeung},
  journal={Frontiers of Information Technology \& Electronic Engineering},
  pages={1--26},
  year={2022},
  publisher={Springer}
}

@book{wiener2019cybernetics,
  title={Cybernetics or Control and Communication in the Animal and the Machine},
  author={Wiener, Norbert},
  year={2019},
  publisher={MIT press}
}

@article{oord2018representation,
  title={Representation learning with contrastive predictive coding},
  author={Oord, Aaron van den and Li, Yazhe and Vinyals, Oriol},
  journal={arXiv preprint arXiv:1807.03748},
  year={2018}
}

@article{krause2010discriminative,
  title={Discriminative clustering by regularized information maximization},
  author={Krause, Andreas and Perona, Pietro and Gomes, Ryan},
  journal={Advances in neural information processing systems},
  volume={23},
  year={2010}
}

@inproceedings{hu2017learning,
  title={Learning discrete representations via information maximizing self-augmented training},
  author={Hu, Weihua and Miyato, Takeru and Tokui, Seiya and Matsumoto, Eiichi and Sugiyama, Masashi},
  booktitle={International conference on machine learning},
  pages={1558--1567},
  year={2017},
  organization={PMLR}
}

@article{linsker1988self,
  title={Self-organization in a perceptual network},
  author={Linsker, Ralph},
  journal={Computer},
  volume={21},
  number={3},
  pages={105--117},
  year={1988},
  publisher={IEEE}
}

@article{tschannen2019mutual,
  title={On mutual information maximization for representation learning},
  author={Tschannen, Michael and Djolonga, Josip and Rubenstein, Paul K and Gelly, Sylvain and Lucic, Mario},
  journal={arXiv preprint arXiv:1907.13625},
  year={2019}
}

@inproceedings{lake2011one,
  title={One shot learning of simple visual concepts},
  author={Lake, Brenden and Salakhutdinov, Ruslan and Gross, Jason and Tenenbaum, Joshua},
  booktitle={Proceedings of the annual meeting of the cognitive science society},
  volume={33},
  number={33},
  year={2011}
}


@inproceedings{salakhutdinov2007learning,
  title={Learning a nonlinear embedding by preserving class neighbourhood structure},
  author={Salakhutdinov, Ruslan and Hinton, Geoff},
  booktitle={Artificial Intelligence and Statistics},
  pages={412--419},
  year={2007},
  organization={PMLR}
}

@book{boden1980jean,
  title={Jean Piaget},
  author={Boden, Margaret A},
  year={1980},
  publisher={Viking Adult}
}

@article{piaget1964cognitive,
  title={Cognitive development in children: Piaget},
  author={Piaget, Jean},
  journal={Journal of research in science teaching},
  volume={2},
  number={3},
  pages={176--186},
  year={1964}
}

@article{boden1978artificial,
  title={Artificial intelligence and Piagetian theory},
  author={Boden, Margaret A},
  journal={Synthese},
  pages={389--414},
  year={1978},
  publisher={JSTOR}
}

@article{bruner1961individual,
  title={Reply to Individual and collective problems in the study of thinking},
  author={Bruner, Jerome S},
  journal={Annals of the New York Academy of Sciences},
  volume={91},
  number={1},
  pages={22--37},
  year={1961}
}

@article{piaget1971biology,
  title={Biology and knowledge: An essay on the relations between organic regulations and cognitive processes.},
  author={Piaget, Jean},
  year={1971},
  publisher={U. Chicago Press}
}

@article{grandvalet2006entropy,
  title={Entropy regularization},
  author={Grandvalet, Yves and Bengio, Yoshua},
  journal={Semi-supervised learning},
  pages={151--168},
  year={2006},
  publisher={MIT Press Boston, MA, USA}
}

@article{chen2020simple,
  title={A simple framework for contrastive learning of visual representations},
  author={Chen, Ting and Kornblith, Simon and Norouzi, Mohammad and Hinton, Geoffrey},
  journal={preprint arXiv:2002.05709},
  year={2020}
}


@article{chen2020big,
  title={Big self-supervised models are strong semi-supervised learners},
  author={Chen, Ting and Kornblith, Simon and Swersky, Kevin and Norouzi, Mohammad and Hinton, Geoffrey},
  journal={arXiv preprint arXiv:2006.10029},
  year={2020}
}

@article{grill2020bootstrap,
  title={Bootstrap your own latent: A new approach to self-supervised learning},
  author={Grill, Jean-Bastien and Strub, Florian and Altch{\'e}, Florent and Tallec, Corentin and Richemond, Pierre H and Buchatskaya, Elena and Doersch, Carl and Pires, Bernardo Avila and Guo, Zhaohan Daniel and Azar, Mohammad Gheshlaghi and others},
  journal={arXiv preprint arXiv:2006.07733},
  year={2020}
}

@article{caron2020unsupervised,
  title={Unsupervised learning of visual features by contrasting cluster assignments},
  author={Caron, Mathilde and Misra, Ishan and Mairal, Julien and Goyal, Priya and Bojanowski, Piotr and Joulin, Armand},
  journal={arXiv preprint arXiv:2006.09882},
  year={2020}
}

@article{assran2020recovering,
  title={Recovering Petaflops in Contrastive Semi-Supervised Learning of Visual Representations},
  author={Assran, Mahmoud and Ballas, Nicolas and Castrejon, Lluis and Rabbat, Michael},
  journal={arXiv preprint arXiv:2006.10803},
  year={2020}
}

@article{vinyals2016matching,
  title={Matching networks for one shot learning},
  author={Vinyals, Oriol and Blundell, Charles and Lillicrap, Timothy and Kavukcuoglu, Koray and Wierstra, Daan},
  journal={arXiv preprint arXiv:1606.04080},
  year={2016}
}

@article{snell2017prototypical,
  title={Prototypical networks for few-shot learning},
  author={Snell, Jake and Swersky, Kevin and Zemel, Richard S},
  journal={arXiv preprint arXiv:1703.05175},
  year={2017}
}

@article{ravi2016optimization,
  title={Optimization as a model for few-shot learning},
  author={Ravi, Sachin and Larochelle, Hugo},
  year={2016}
}

@article{lake2017building,
  title={Building machines that learn and think like people},
  author={Lake, Brenden M and Ullman, Tomer D and Tenenbaum, Joshua B and Gershman, Samuel J},
  journal={Behavioral and brain sciences},
  volume={40},
  year={2017},
  publisher={Cambridge University Press}
}

@article{russakovsky2015imagenet,
  title={Imagenet large scale visual recognition challenge},
  author={Russakovsky, Olga and Deng, Jia and Su, Hao and Krause, Jonathan and Satheesh, Sanjeev and Ma, Sean and Huang, Zhiheng and Karpathy, Andrej and Khosla, Aditya and Bernstein, Michael and Berg, Alexander C. and Fei-Fei, Li},
  journal={International Journal of Computer Vision},
  volume={115},
  number={3},
  pages={211--252},
  year={2015},
}

@inproceedings{he2016deep,
  title={Deep residual learning for image recognition},
  author={He, Kaiming and Zhang, Xiangyu and Ren, Shaoqing and Sun, Jian},
  booktitle={Proceedings of the IEEE Conference on Computer Vision and Pattern Recognition},
  pages={770--778},
  year={2016}
}

@article{you2017large,
  title={Large batch training of convolutional networks},
  author={You, Yang and Gitman, Igor and Ginsburg, Boris},
  journal={arXiv preprint arXiv:1708.03888},
  year={2017}
}

@inproceedings{sutskever2013importance,
  title={On the importance of initialization and momentum in deep learning},
  author={Sutskever, Ilya and Martens, James and Dahl, George and Hinton, Geoffrey},
  booktitle={International conference on machine learning},
  pages={1139--1147},
  year={2013}
}


@article{xie2019unsupervised,
  title={Unsupervised data augmentation},
  author={Xie, Qizhe and Dai, Zihang and Hovy, Eduard and Luong, Minh-Thang and Le, Quoc V},
  journal={arXiv preprint arXiv:1904.12848},
  year={2019}
}

@article{sohn2020fixmatch,
  title={Fixmatch: Simplifying semi-supervised learning with consistency and confidence},
  author={Sohn, Kihyuk and Berthelot, David and Li, Chun-Liang and Zhang, Zizhao and Carlini, Nicholas and Cubuk, Ekin D and Kurakin, Alex and Zhang, Han and Raffel, Colin},
  journal={arXiv preprint arXiv:2001.07685},
  year={2020}
}

@article{pham2020meta,
  title={Meta pseudo labels},
  author={Pham, Hieu and Xie, Qizhe and Dai, Zihang and Le, Quoc V},
  journal={arXiv preprint arXiv:2003.10580},
  year={2020}
}

@inproceedings{wu2018unsupervised,
  title={Unsupervised feature learning via non-parametric instance discrimination},
  author={Wu, Zhirong and Xiong, Yuanjun and Yu, Stella X and Lin, Dahua},
  booktitle={Proceedings of the IEEE conference on computer vision and pattern recognition},
  pages={3733--3742},
  year={2018}
}

@inproceedings{misra2020self,
  title={Self-supervised learning of pretext-invariant representations},
  author={Misra, Ishan and van der Maaten, Laurens},
  booktitle={Proceedings of the IEEE Conference on Computer Vision and Pattern Recognition},
  pages={6707--6717},
  year={2020}
}

@article{ren2018meta,
  title={Meta-learning for semi-supervised few-shot classification},
  author={Ren, Mengye and Triantafillou, Eleni and Ravi, Sachin and Snell, Jake and Swersky, Kevin and Tenenbaum, Joshua B and Larochelle, Hugo and Zemel, Richard S},
  journal={arXiv preprint arXiv:1803.00676},
  year={2018}
}

@article{he2019moco,
  author  = {Kaiming He and Haoqi Fan and Yuxin Wu and Saining Xie and Ross Girshick},
  title   = {Momentum Contrast for Unsupervised Visual Representation Learning},
  journal = {arXiv preprint arXiv:1911.05722},
  year    = {2019},
}

@article{chen2020mocov2,
  author  = {Xinlei Chen and Haoqi Fan and Ross Girshick and Kaiming He},
  title   = {Improved Baselines with Momentum Contrastive Learning},
  journal = {arXiv preprint arXiv:2003.04297},
  year    = {2020},
}

@article{hsu2018unsupervised,
  title={Unsupervised learning via meta-learning},
  author={Hsu, Kyle and Levine, Sergey and Finn, Chelsea},
  journal={arXiv preprint arXiv:1810.02334},
  year={2018}
}

@article{chen2020exploring,
  title={Exploring Simple Siamese Representation Learning},
  author={Chen, Xinlei and He, Kaiming},
  journal={arXiv preprint arXiv:2011.10566},
  year={2020}
}

@article{loshchilov2016sgdr,
  title={{SGDR}: Stochastic Gradient Descent with Warm Restarts},
  author={Loshchilov, Ilya and Hutter, Frank},
  journal={arXiv preprint arXiv:1608.03983},
  year={2016}
}

@article{khosla2020supervised,
  title={Supervised Contrastive Learning},
  author={Khosla, Prannay and Teterwak, Piotr and Wang, Chen and Sarna, Aaron and Tian, Yonglong and Isola, Phillip and Maschinot, Aaron and Liu, Ce and Krishnan, Dilip},
  journal={arXiv preprint arXiv:2004.11362},
  year={2020}
}

@article{miyato2018virtual,
  title={Virtual adversarial training: a regularization method for supervised and semi-supervised learning},
  author={Miyato, Takeru and Maeda, Shin-ichi and Koyama, Masanori and Ishii, Shin},
  journal={IEEE transactions on pattern analysis and machine intelligence},
  volume={41},
  number={8},
  pages={1979--1993},
  year={2018},
  publisher={IEEE}
}

@article{verma2019interpolation,
  title={Interpolation Consistency Training for Semi-Supervised Learning},
  author={Verma, Vikas and Kawaguchi, Kenji and Lamb, Alex and Kannala, Juho and Bengio, Yoshua and Lopez-Paz, David},
  journal={arXiv preprint arXiv:1903.03825},
  year={2019}
}

@inproceedings{zhai2019s4l,
  title={S4l: Self-supervised semi-supervised learning},
  author={Zhai, Xiaohua and Oliver, Avital and Kolesnikov, Alexander and Beyer, Lucas},
  booktitle={Proceedings of the IEEE international conference on computer vision},
  pages={1476--1485},
  year={2019}
}

@inproceedings{lee2013pseudo,
  author={Lee, Dong-Hyun}, 
  title={Pseudo-Label: The simple and efficient semi-supervised learning method for deep neural networks},
  booktitle={In International Conference on Machine Learning Workshop},
  year={2013}
}

@article{scudder1965probability,
  author={Scudder, H.},
  title={Probability of error of some adaptive pattern-recognition machines},
  journal={IEEE Transactions on Information Theory},
  volume={11},
  number={3},
  year={1965},
}

@inproceedings{riloff1996automatically,
  author={Riloff, Ellen},
  title={Automatically generating extraction patterns from untagged text},
  booktitle={In Proceedings of the National Conference on Artificial Intelligence},
  year={1996},
}

@inproceedings{berthelot2019mixmatch,
  title={Mixmatch: A holistic approach to semi-supervised learning},
  author={Berthelot, David and Carlini, Nicholas and Goodfellow, Ian and Papernot, Nicolas and Oliver, Avital and Raffel, Colin A},
  booktitle={Advances in Neural Information Processing Systems},
  pages={5050--5060},
  year={2019}
}

@article{berthelot2019remixmatch,
  title={ReMixMatch: Semi-Supervised Learning with Distribution Alignment and Augmentation Anchoring},
  author={Berthelot, David and Carlini, Nicholas and Cubuk, Ekin D and Kurakin, Alex and Sohn, Kihyuk and Zhang, Han and Raffel, Colin},
  journal={arXiv preprint arXiv:1911.09785},
  year={2019}
}

@inproceedings{yarowsky1995unsupervised,
  author={Yarowsky, David},
  title={Unsupervised word sense disambiguation rivaling supervised methods},
  booktitle={In 33rd Annual Meeting of the Association for Computational Linguistics},
  year={1995},
}

@article{asano2019self,
  title={Self-labelling via simultaneous clustering and representation learning},
  author={Asano, Yuki Markus and Rupprecht, Christian and Vedaldi, Andrea},
  journal={arXiv preprint arXiv:1911.05371},
  year={2019}
}

@article{zoph2020rethinking,
  title={Rethinking pre-training and self-training},
  author={Zoph, Barret and Ghiasi, Golnaz and Lin, Tsung-Yi and Cui, Yin and Liu, Hanxiao and Cubuk, Ekin D and Le, Quoc V},
  journal={arXiv preprint arXiv:2006.06882},
  year={2020}
}

@inproceedings{xie2020self,
  title={Self-training with noisy student improves imagenet classification},
  author={Xie, Qizhe and Luong, Minh-Thang and Hovy, Eduard and Le, Quoc V},
  booktitle={Proceedings of the IEEE/CVF Conference on Computer Vision and Pattern Recognition},
  pages={10687--10698},
  year={2020}
}

@article{tarvainen2017mean,
  title={Mean teachers are better role models: Weight-averaged consistency targets improve semi-supervised deep learning results},
  author={Tarvainen, Antti and Valpola, Harri},
  journal={arXiv preprint arXiv:1703.01780},
  year={2017}
}

@article{joulin2012convex,
  title={A convex relaxation for weakly supervised classifiers},
  author={Joulin, Armand and Bach, Francis},
  journal={arXiv preprint arXiv:1206.6413},
  year={2012}
}

@article{laine2016temporal,
  title={Temporal ensembling for semi-supervised learning},
  author={Laine, Samuli and Aila, Timo},
  journal={arXiv preprint arXiv:1610.02242},
  year={2016}
}

@article{jackson2019semi,
  title={Semi-supervised learning by label gradient alignment},
  author={Jackson, Jacob and Schulman, John},
  journal={arXiv preprint arXiv:1902.02336},
  year={2019}
}

@article{wang2019enaet,
  title={Enaet: Self-trained ensemble autoencoding transformations for semi-supervised learning},
  author={Wang, Xiao and Kihara, Daisuke and Luo, Jiebo and Qi, Guo-Jun},
  journal={arXiv preprint arXiv:1911.09265},
  year={2019}
}

@article{krizhevsky2009learning,
  title={Learning multiple layers of features from tiny images},
  author={Krizhevsky, Alex and Hinton, Geoffrey and others},
  year={2009},
  publisher={Citeseer}
}

@article{zagoruyko2016wide,
  title={Wide residual networks},
  author={Zagoruyko, Sergey and Komodakis, Nikos},
  journal={arXiv preprint arXiv:1605.07146},
  year={2016}
}

@article{thomee2016yfcc100m,
  title={YFCC100M: The new data in multimedia research},
  author={Thomee, Bart and Shamma, David A and Friedland, Gerald and Elizalde, Benjamin and Ni, Karl and Poland, Douglas and Borth, Damian and Li, Li-Jia},
  journal={Communications of the ACM},
  volume={59},
  number={2},
  pages={64--73},
  year={2016},
  publisher={ACM New York, NY, USA}
}

@article{zhang2017mixup,
  title={mixup: Beyond empirical risk minimization},
  author={Zhang, Hongyi and Cisse, Moustapha and Dauphin, Yann N and Lopez-Paz, David},
  journal={arXiv preprint arXiv:1710.09412},
  year={2017}
}

@inproceedings{yun2019cutmix,
  title={Cutmix: Regularization strategy to train strong classifiers with localizable features},
  author={Yun, Sangdoo and Han, Dongyoon and Oh, Seong Joon and Chun, Sanghyuk and Choe, Junsuk and Yoo, Youngjoon},
  booktitle={Proceedings of the IEEE/CVF International Conference on Computer Vision},
  pages={6023--6032},
  year={2019}
}

@inproceedings{cubuk2019autoaugment,
  title={Autoaugment: Learning augmentation strategies from data},
  author={Cubuk, Ekin D and Zoph, Barret and Mane, Dandelion and Vasudevan, Vijay and Le, Quoc V},
  booktitle={Proceedings of the IEEE/CVF Conference on Computer Vision and Pattern Recognition},
  pages={113--123},
  year={2019}
}

@inproceedings{blum1998combining,
  title={Combining labeled and unlabeled data with co-training},
  author={Blum, Avrim and Mitchell, Tom},
  booktitle={Proceedings of the eleventh annual conference on Computational learning theory},
  pages={92--100},
  year={1998}
}

@article{berman2019multigrain,
  title={Multigrain: a unified image embedding for classes and instances},
  author={Berman, Maxim and J{\'e}gou, Herv{\'e} and Vedaldi, Andrea and Kokkinos, Iasonas and Douze, Matthijs},
  journal={arXiv preprint arXiv:1902.05509},
  year={2019}
}

@article{dosovitskiy2020image,
  title={An image is worth 16x16 words: Transformers for image recognition at scale},
  author={Dosovitskiy, Alexey and Beyer, Lucas and Kolesnikov, Alexander and Weissenborn, Dirk and Zhai, Xiaohua and Unterthiner, Thomas and Dehghani, Mostafa and Minderer, Matthias and Heigold, Georg and Gelly, Sylvain and others},
  journal={arXiv preprint arXiv:2010.11929},
  year={2020}
}

@article{caron2021emerging,
  title={Emerging properties in self-supervised vision transformers},
  author={Caron, Mathilde and Touvron, Hugo and Misra, Ishan and J{\'e}gou, Herv{\'e} and Mairal, Julien and Bojanowski, Piotr and Joulin, Armand},
  journal={arXiv preprint arXiv:2104.14294},
  year={2021}
}

@inproceedings{vaswani2017attention,
  title={Attention is all you need},
  author={Vaswani, Ashish and Shazeer, Noam and Parmar, Niki and Uszkoreit, Jakob and Jones, Llion and Gomez, Aidan N and Kaiser, {\L}ukasz and Polosukhin, Illia},
  booktitle={Advances in neural information processing systems},
  pages={5998--6008},
  year={2017}
}

@article{bahdanau2014neural,
  title={Neural machine translation by jointly learning to align and translate},
  author={Bahdanau, Dzmitry and Cho, Kyunghyun and Bengio, Yoshua},
  journal={arXiv preprint arXiv:1409.0473},
  year={2014}
}

@article{baevski2022data2vec,
  title={Data2vec: A general framework for self-supervised learning in speech, vision and language},
  author={Baevski, Alexei and Hsu, Wei-Ning and Xu, Qiantong and Babu, Arun and Gu, Jiatao and Auli, Michael},
  journal={arXiv preprint arXiv:2202.03555},
  year={2022}
}

@article{bromley1993signature,
  title={Signature verification using a “siamese” time delay neural network},
  author={Bromley, Jane and Bentz, James W and Bottou, L{\'e}on and Guyon, Isabelle and LeCun, Yann and Moore, Cliff and S{\"a}ckinger, Eduard and Shah, Roopak},
  journal={International Journal of Pattern Recognition and Artificial Intelligence},
  volume={7},
  number={04},
  pages={669--688},
  year={1993},
  publisher={World Scientific}
}

@article{hjelm2018learning,
  title={Learning deep representations by mutual information estimation and maximization},
  author={Hjelm, R Devon and Fedorov, Alex and Lavoie-Marchildon, Samuel and Grewal, Karan and Bachman, Phil and Trischler, Adam and Bengio, Yoshua},
  journal={arXiv preprint arXiv:1808.06670},
  year={2018}
}

@article{bachman2019learning,
  title={Learning representations by maximizing mutual information across views},
  author={Bachman, Philip and Hjelm, R Devon and Buchwalter, William},
  journal={Advances in neural information processing systems},
  volume={32},
  year={2019}
}

@article{zbontar2021barlow,
  title={Barlow twins: Self-supervised learning via redundancy reduction},
  author={Zbontar, Jure and Jing, Li and Misra, Ishan and LeCun, Yann and Deny, St{\'e}phane},
  journal={arXiv preprint arXiv:2103.03230},
  year={2021}
}

@article{bardes2021vicreg,
  title={Vicreg: Variance-invariance-covariance regularization for self-supervised learning},
  author={Bardes, Adrien and Ponce, Jean and LeCun, Yann},
  journal={arXiv preprint arXiv:2105.04906},
  year={2021}
}

@article{assran2021semi,
  title={Semi-Supervised Learning of Visual Features by Non-Parametrically Predicting View Assignments with Support Samples},
  author={Assran, Mahmoud and Caron, Mathilde and Misra, Ishan and Bojanowski, Piotr and Joulin, Armand and Ballas, Nicolas and Rabbat, Michael},
  journal={arXiv preprint arXiv:2104.13963},
  year={2021}
}

@inproceedings{chen2020generative,
  title={Generative pretraining from pixels},
  author={Chen, Mark and Radford, Alec and Child, Rewon and Wu, Jeffrey and Jun, Heewoo and Luan, David and Sutskever, Ilya},
  booktitle={International Conference on Machine Learning},
  pages={1691--1703},
  year={2020},
  organization={PMLR}
}

@article{he2021masked,
  title={Masked autoencoders are scalable vision learners},
  author={He, Kaiming and Chen, Xinlei and Xie, Saining and Li, Yanghao and Doll{\'a}r, Piotr and Girshick, Ross},
  journal={arXiv preprint arXiv:2111.06377},
  year={2021}
}

@inproceedings{denoising_vincent,
author = {Vincent, Pascal and Larochelle, Hugo and Bengio, Yoshua and Manzagol, Pierre-Antoine},
title = {Extracting and Composing Robust Features with Denoising Autoencoders},
year = {2008},
booktitle = {Proceedings of the 25th International Conference on Machine Learning},
pages = {1096–1103},
numpages = {8},
location = {Helsinki, Finland},
series = {ICML '08}
}

@article{vincent2010stacked,
  title={Stacked denoising autoencoders: Learning useful representations in a deep network with a local denoising criterion.},
  author={Vincent, Pascal and Larochelle, Hugo and Lajoie, Isabelle and Bengio, Yoshua and Manzagol, Pierre-Antoine and Bottou, L{\'e}on},
  journal={Journal of machine learning research},
  volume={11},
  number={12},
  year={2010}
}

@article{xie2021simmim,
  title={Simmim: A simple framework for masked image modeling},
  author={Xie, Zhenda and Zhang, Zheng and Cao, Yue and Lin, Yutong and Bao, Jianmin and Yao, Zhuliang and Dai, Qi and Hu, Han},
  journal={arXiv preprint arXiv:2111.09886},
  year={2021}
}

@article{wei2021masked,
  title={Masked Feature Prediction for Self-Supervised Visual Pre-Training},
  author={Wei, Chen and Fan, Haoqi and Xie, Saining and Wu, Chao-Yuan and Yuille, Alan and Feichtenhofer, Christoph},
  journal={arXiv preprint arXiv:2112.09133},
  year={2021}
}

@article{bao2021beit,
  title={BEiT: BERT Pre-Training of Image Transformers},
  author={Bao, Hangbo and Dong, Li and Wei, Furu},
  journal={arXiv preprint arXiv:2106.08254},
  year={2021}
}

@article{zhou2021ibotyes
,
  title={Ibot: Image bert pre-training with online tokenizer},
  author={Zhou, Jinghao and Wei, Chen and Wang, Huiyu and Shen, Wei and Xie, Cihang and Yuille, Alan and Kong, Tao},
  journal={arXiv preprint arXiv:2111.07832},
  year={2021}
}

@article{loshchilov2017decoupled,
  title={Decoupled weight decay regularization},
  author={Loshchilov, Ilya and Hutter, Frank},
  journal={arXiv preprint arXiv:1711.05101},
  year={2017}
}

@article{chen2021empirical,
  title={An empirical study of training self-supervised vision transformers},
  author={Chen, Xinlei and Xie, Saining and He, Kaiming},
  journal={arXiv preprint arXiv:2104.02057},
  year={2021}
}

@inproceedings{touvron2021training,
  title={Training data-efficient image transformers \& distillation through attention},
  author={Touvron, Hugo and Cord, Matthieu and Douze, Matthijs and Massa, Francisco and Sablayrolles, Alexandre and J{\'e}gou, Herv{\'e}},
  booktitle={International Conference on Machine Learning},
  pages={10347--10357},
  year={2021},
  organization={PMLR}
}


@article{assran2022masked,
  title={Masked siamese networks for label-efficient learning},
  author={Assran, Mahmoud and Caron, Mathilde and Misra, Ishan and Bojanowski, Piotr and Bordes, Florian and Vincent, Pascal and Joulin, Armand and Rabbat, Michael and Ballas, Nicolas},
  journal={arXiv preprint arXiv:2204.07141},
  year={2022}
}


@article{goyal2022vision,
  title={Vision models are more robust and fair when pretrained on uncurated images without supervision},
  author={Goyal, Priya and Duval, Quentin and Seessel, Isaac and Caron, Mathilde and Singh, Mannat and Misra, Ishan and Sagun, Levent and Joulin, Armand and Bojanowski, Piotr},
  journal={arXiv preprint arXiv:2202.08360},
  year={2022}
}

@inproceedings{tian2021divide,
  title={Divide and contrast: Self-supervised learning from uncurated data},
  author={Tian, Yonglong and Henaff, Olivier J and van den Oord, A{\"a}ron},
  booktitle={Proceedings of the IEEE/CVF International Conference on Computer Vision},
  pages={10063--10074},
  year={2021}
}

@inproceedings{mahajan2018exploring,
  title={Exploring the limits of weakly supervised pretraining},
  author={Mahajan, Dhruv and Girshick, Ross and Ramanathan, Vignesh and He, Kaiming and Paluri, Manohar and Li, Yixuan and Bharambe, Ashwin and Van Der Maaten, Laurens},
  booktitle={Proceedings of the European conference on computer vision (ECCV)},
  pages={181--196},
  year={2018}
}

@article{newman2005power,
  title={Power laws, Pareto distributions and Zipf's law},
  author={Newman, Mark EJ},
  journal={Contemporary physics},
  volume={46},
  number={5},
  pages={323--351},
  year={2005},
  publisher={Taylor \& Francis}
}

@inproceedings{van2018inaturalist,
  title={The inaturalist species classification and detection dataset},
  author={Van Horn, Grant and Mac Aodha, Oisin and Song, Yang and Cui, Yin and Sun, Chen and Shepard, Alex and Adam, Hartwig and Perona, Pietro and Belongie, Serge},
  booktitle={Proceedings of the IEEE conference on computer vision and pattern recognition},
  pages={8769--8778},
  year={2018}
}

@inproceedings{places205,
 author = {Zhou, Bolei and Lapedriza, Agata and Xiao, Jianxiong and Torralba, Antonio and Oliva, Aude},
 booktitle = {Advances in Neural Information Processing Systems},
 editor = {Z. Ghahramani and M. Welling and C. Cortes and N. Lawrence and K.Q. Weinberger},
 pages = {},
 publisher = {Curran Associates, Inc.},
 title = {Learning Deep Features for Scene Recognition using Places Database},
 url = {https://proceedings.neurips.cc/paper/2014/file/3fe94a002317b5f9259f82690aeea4cd-Paper.pdf},
 volume = {27},
 year = {2014}
}

@TECHREPORT{cifar10,
    author = {Alex Krizhevsky},
    title = {Learning multiple layers of features from tiny images},
    institution = {},
    year = {2009}
}

@INPROCEEDINGS{kitti,
  author = {Andreas Geiger and Philip Lenz and Raquel Urtasun},
  title = {Are we ready for Autonomous Driving? The KITTI Vision Benchmark Suite},
  booktitle = {Conference on Computer Vision and Pattern Recognition (CVPR)},
  year = {2012}
}

@inproceedings{clevr,
  title={CLEVR: A Diagnostic Dataset for Compositional Language and Elementary Visual Reasoning},
  author={Johnson, Justin and Hariharan, Bharath and van der Maaten, Laurens
          and Fei-Fei, Li and Zitnick, C Lawrence and Girshick, Ross},
  booktitle={CVPR},
  year={2017}
}

@article{
      bordes2022high,
      title={High Fidelity Visualization of What Your Self-Supervised Representation Knows About},
      author={Florian Bordes and Randall Balestriero and Pascal Vincent},
      journal={Transactions on Machine Learning Research},
      year={2022},
      url={https://openreview.net/forum?id=urfWb7VjmL},
      note={}
}

@misc{https://doi.org/10.48550/arxiv.1310.4546,
  doi = {10.48550/ARXIV.1310.4546},
  url = {https://arxiv.org/abs/1310.4546},
  author = {Mikolov, Tomas and Sutskever, Ilya and Chen, Kai and Corrado, Greg and Dean, Jeffrey},
  keywords = {Computation and Language (cs.CL), Machine Learning (cs.LG), Machine Learning (stat.ML), FOS: Computer and information sciences, FOS: Computer and information sciences},
  title = {Distributed Representations of Words and Phrases and their Compositionality},
  publisher = {arXiv},
  year = {2013},
  copyright = {arXiv.org perpetual, non-exclusive license}
}

@article{zhou2014learning,
  title={Learning deep features for scene recognition using places database},
  author={Zhou, Bolei and Lapedriza, Agata and Xiao, Jianxiong and Torralba, Antonio and Oliva, Aude},
  journal={Advances in neural information processing systems},
  volume={27},
  year={2014}
}

@inproceedings{johnson2017clevr,
  title={Clevr: A diagnostic dataset for compositional language and elementary visual reasoning},
  author={Johnson, Justin and Hariharan, Bharath and Van Der Maaten, Laurens and Fei-Fei, Li and Lawrence Zitnick, C and Girshick, Ross},
  booktitle={Proceedings of the IEEE conference on computer vision and pattern recognition},
  pages={2901--2910},
  year={2017}
}

@article{geiger2013vision,
  title={Vision meets robotics: The kitti dataset},
  author={Geiger, Andreas and Lenz, Philip and Stiller, Christoph and Urtasun, Raquel},
  journal={The International Journal of Robotics Research},
  volume={32},
  number={11},
  pages={1231--1237},
  year={2013},
  publisher={Sage Publications Sage UK: London, England}
}


@inproceedings{tian2021understanding,
  title={Understanding self-supervised learning dynamics without contrastive pairs},
  author={Tian, Yuandong and Chen, Xinlei and Ganguli, Surya},
  booktitle={International Conference on Machine Learning},
  pages={10268--10278},
  year={2021},
  organization={PMLR}
}

@article{balestriero2022contrastive,
  title={Contrastive and non-contrastive self-supervised learning recover global and local spectral embedding methods},
  author={Balestriero, Randall and LeCun, Yann},
  journal={arXiv preprint arXiv:2205.11508},
  year={2022}
}

@inproceedings{wang2020understanding,
  title={Understanding contrastive representation learning through alignment and uniformity on the hypersphere},
  author={Wang, Tongzhou and Isola, Phillip},
  booktitle={International Conference on Machine Learning},
  pages={9929--9939},
  year={2020},
  organization={PMLR}
}

@article{chen2021intriguing,
  title={Intriguing properties of contrastive losses},
  author={Chen, Ting and Luo, Calvin and Li, Lala},
  journal={Advances in Neural Information Processing Systems},
  volume={34},
  pages={11834--11845},
  year={2021}
}

@article{garrido2022duality,
  title={On the duality between contrastive and non-contrastive self-supervised learning},
  author={Garrido, Quentin and Chen, Yubei and Bardes, Adrien and Najman, Laurent and Lecun, Yann},
  journal={arXiv preprint arXiv:2206.02574},
  year={2022}
}

@misc{goyal2021vissl,
  author =       {Priya Goyal and Quentin Duval and Jeremy Reizenstein and Matthew Leavitt and Min Xu and
                  Benjamin Lefaudeux and Mannat Singh and Vinicius Reis and Mathilde Caron and Piotr Bojanowski and
                  Armand Joulin and Ishan Misra},
  title =        {VISSL},
  howpublished = {\url{https://github.com/facebookresearch/vissl}},
  year =         {2021}
}

@misc{https://doi.org/10.48550/arxiv.1502.03167,
  doi = {10.48550/ARXIV.1502.03167},
  
  url = {https://arxiv.org/abs/1502.03167},
  
  author = {Ioffe, Sergey and Szegedy, Christian},
  
  keywords = {Machine Learning (cs.LG), FOS: Computer and information sciences, FOS: Computer and information sciences},
  
  title = {Batch Normalization: Accelerating Deep Network Training by Reducing Internal Covariate Shift},
  
  publisher = {arXiv},
  
  year = {2015},
  
  copyright = {arXiv.org perpetual, non-exclusive license}
}

@article{lecun2022path,
  title={A Path Towards Autonomous Machine Intelligence Version 0.9. 2, 2022-06-27},
  author={LeCun, Yann},
  year={2022}
}

@article{chen2022intra,
  title={Intra-Instance VICReg: Bag of Self-Supervised Image Patch Embedding},
  author={Chen, Yubei and Bardes, Adrien and Li, Zengyi and LeCun, Yann},
  journal={arXiv preprint arXiv:2206.08954},
  year={2022}
}

@inproceedings{gidaris2020learning,
  title={Learning representations by predicting bags of visual words},
  author={Gidaris, Spyros and Bursuc, Andrei and Komodakis, Nikos and P{\'e}rez, Patrick and Cord, Matthieu},
  booktitle={Proceedings of the IEEE/CVF Conference on Computer Vision and Pattern Recognition},
  pages={6928--6938},
  year={2020}
}

@article{bordes2022guillotine,
  title={Guillotine Regularization: Improving Deep Networks Generalization by Removing their Head},
  author={Bordes, Florian and Balestriero, Randall and Garrido, Quentin and Bardes, Adrien and Vincent, Pascal},
  journal={arXiv preprint arXiv:2206.13378},
  year={2022}
}

@article{el2021large,
  title={Are Large-scale Datasets Necessary for Self-Supervised Pre-training?},
  author={El-Nouby, Alaaeldin and Izacard, Gautier and Touvron, Hugo and Laptev, Ivan and Jegou, Herv{\'e} and Grave, Edouard},
  journal={arXiv preprint arXiv:2112.10740},
  year={2021}
}

@article{dhariwal2021diffusion,
  title={Diffusion models beat gans on image synthesis},
  author={Dhariwal, Prafulla and Nichol, Alexander},
  journal={Advances in Neural Information Processing Systems},
  volume={34},
  pages={8780--8794},
  year={2021}
}

@article{lecun-mnisthandwrittendigit-2010,
  added-at = {2010-06-28T21:16:30.000+0200},
  author = {LeCun, Yann and Cortes, Corinna},
  biburl = {https://www.bibsonomy.org/bibtex/2935bad99fa1f65e03c25b315aa3c1032/mhwombat},
  groups = {public},
  howpublished = {http://yann.lecun.com/exdb/mnist/},
  interhash = {21b9d0558bd66279df9452562df6e6f3},
  intrahash = {935bad99fa1f65e03c25b315aa3c1032},
  keywords = {MSc _checked character_recognition mnist network neural},
  lastchecked = {2016-01-14 14:24:11},
  timestamp = {2016-07-12T19:25:30.000+0200},
  title = {{MNIST} handwritten digit database},
  url = {http://yann.lecun.com/exdb/mnist/},
  username = {mhwombat},
  year = 2010
}

@misc{dale2,
  doi = {10.48550/ARXIV.2204.06125},
  url = {https://arxiv.org/abs/2204.06125},
  author = {Ramesh, Aditya and Dhariwal, Prafulla and Nichol, Alex and Chu, Casey and Chen, Mark},
  keywords = {Computer Vision and Pattern Recognition (cs.CV), FOS: Computer and information sciences, FOS: Computer and information sciences},
  title = {Hierarchical Text-Conditional Image Generation with CLIP Latents},
  publisher = {arXiv},
  year = {2022},
  copyright = {Creative Commons Attribution 4.0 International}
}

@misc{imagen,
  doi = {10.48550/ARXIV.2205.11487},
  url = {https://arxiv.org/abs/2205.11487},
  author = {Saharia, Chitwan and Chan, William and Saxena, Saurabh and Li, Lala and Whang, Jay and Denton, Emily and Ghasemipour, Seyed Kamyar Seyed and Ayan, Burcu Karagol and Mahdavi, S. Sara and Lopes, Rapha Gontijo and Salimans, Tim and Ho, Jonathan and Fleet, David J and Norouzi, Mohammad},
  keywords = {Computer Vision and Pattern Recognition (cs.CV), Machine Learning (cs.LG), FOS: Computer and information sciences, FOS: Computer and information sciences},
  title = {Photorealistic Text-to-Image Diffusion Models with Deep Language Understanding},
  publisher = {arXiv},
  year = {2022},
  copyright = {arXiv.org perpetual, non-exclusive license}
}

@article{vincent2011connection,
  title={A connection between score matching and denoising autoencoders},
  author={Vincent, Pascal},
  journal={Neural computation},
  volume={23},
  number={7},
  pages={1661--1674},
  year={2011},
  publisher={MIT Press}
}

@inproceedings{ddpm_2020,
  author    = {Jonathan Ho and
               Ajay Jain and
               Pieter Abbeel},
  editor    = {Hugo Larochelle and
               Marc'Aurelio Ranzato and
               Raia Hadsell and
               Maria{-}Florina Balcan and
               Hsuan{-}Tien Lin},
  title     = {Denoising Diffusion Probabilistic Models},
  booktitle = {Advances in Neural Information Processing Systems 33: Annual Conference
               on Neural Information Processing Systems 2020, NeurIPS 2020, December
               6-12, 2020, virtual},
  year      = {2020},
  url       = {https://proceedings.neurips.cc/paper/2020/hash/4c5bcfec8584af0d967f1ab10179ca4b-Abstract.html},
  timestamp = {Tue, 19 Jan 2021 15:57:09 +0100},
  biburl    = {https://dblp.org/rec/conf/nips/HoJA20.bib},
  bibsource = {dblp computer science bibliography, https://dblp.org}
}

@article{cuturi2013sinkhorn,
  title={Sinkhorn distances: Lightspeed computation of optimal transport},
  author={Cuturi, Marco},
  journal={Advances in neural information processing systems},
  volume={26},
  year={2013}
}

@article{mitrovic2020representation,
  title={Representation learning via invariant causal mechanisms},
  author={Mitrovic, Jovana and McWilliams, Brian and Walker, Jacob and Buesing, Lars and Blundell, Charles},
  journal={arXiv preprint arXiv:2010.07922},
  year={2020}
}

@article{assran2020supervision,
  title={Supervision accelerates pre-training in contrastive semi-supervised learning of visual representations},
  author={Assran, Mahmoud and Ballas, Nicolas and Castrejon, Lluis and Rabbat, Michael},
  journal={arXiv preprint arXiv:2006.10803},
  year={2020}
}