@article{levine2016end,
  title={End-to-end training of deep visuomotor policies},
  author={Levine, Sergey and Finn, Chelsea and Darrell, Trevor and Abbeel, Pieter},
  journal={The Journal of Machine Learning Research},
  number={1},
  pages={1334--1373},
  year={2016},
  publisher={JMLR. org}
}

@inproceedings{zhu2017target,
  title={Target-driven visual navigation in indoor scenes using deep reinforcement learning},
  author={Zhu, Yuke and Mottaghi, Roozbeh and Kolve, Eric and Lim, Joseph J and Gupta, Abhinav and Fei-Fei, Li and Farhadi, Ali},
  booktitle={2017 IEEE international conference on robotics and automation (ICRA)},
  pages={3357--3364},
  year={2017},
  organization={IEEE}
}
@article{li2019robot,
  title={Robot skill acquisition in assembly process using deep reinforcement learning},
  author={Li, Fengming and Jiang, Qi and Zhang, Sisi and Wei, Meng and Song, Rui},
  journal={Neurocomputing},
  pages={92--102},
  year={2019},
  publisher={Elsevier}
}

@inproceedings{
hafner2020Dream,
title={Dream to Control: Learning Behaviors by Latent Imagination},
author={Danijar Hafner and Timothy Lillicrap and Jimmy Ba and Mohammad Norouzi},
booktitle={International Conference on Learning Representations},
year={2020}
}

@inproceedings{hafner2019learning,
  title={Learning latent dynamics for planning from pixels},
  author={Hafner, Danijar and Lillicrap, Timothy and Fischer, Ian and Villegas, Ruben and Ha, David and Lee, Honglak and Davidson, James},
  booktitle={International Conference on Machine Learning},
  pages={2555--2565},
  year={2019},
  organization={PMLR}
}

@inproceedings{mattner2012learn,
  title={Learn to swing up and balance a real pole based on raw visual input data},
  author={Mattner, Jan and Lange, Sascha and Riedmiller, Martin},
  booktitle={International Conference on Neural Information Processing},
  pages={126--133},
  year={2012},
  organization={Springer}
}

@inproceedings{watter2015embed,
  title={Embed to control: a locally Linear Latent dynamics model for control from raw images},
  author={Watter, Manuel and Springenberg, Jost Tobias and Boedecker, Joschka and Riedmiller, Martin},
  booktitle={Proceedings of the 28th International Conference on Neural Information Processing Systems},
  pages={2746--2754},
  year={2015}
}

@inproceedings{yarats2019improving,
  title={Improving Sample Efficiency in Model-Free Reinforcement Learning from Images},
  author={Yarats, Denis and Zhang, Amy and Kostrikov, Ilya and Amos, Brandon and Pineau, Joelle and Fergus, Rob},
  booktitle={Proceedings of the AAAI Conference on Artificial Intelligence},
  number={12},
  pages={10674--10681},
  year={2021}
}

@inproceedings{zhang2020learning,
  title={Learning Invariant Representations for Reinforcement Learning without Reconstruction},
  author={Zhang, Amy and McAllister, Rowan Thomas and Calandra, Roberto and Gal, Yarin and Levine, Sergey},
  booktitle={International Conference on Learning Representations},
  year={2020}
}

@inproceedings{laskin2020curl,
  title={Curl: Contrastive unsupervised representations for reinforcement learning},
  author={Laskin, Michael and Srinivas, Aravind and Abbeel, Pieter},
  booktitle={International Conference on Machine Learning},
  pages={5639--5650},
  year={2020},
  organization={PMLR}
}

@inproceedings{anand2019unsupervised,
  title={Unsupervised state representation learning in atari},
  author={Anand, Ankesh and Racah, Evan and Ozair, Sherjil and Bengio, Yoshua and C{\^o}t{\'e}, Marc-Alexandre and Hjelm, R Devon},
  booktitle={Proceedings of the 33rd International Conference on Neural Information Processing Systems},
  pages={8769--8782},
  year={2019}
}

@article{lee2020predictive,
  title={Predictive Information Accelerates Learning in RL},
  author={Lee, Kuang-Huei and Fischer, Ian and Liu, Anthony and Guo, Yijie and Lee, Honglak and Canny, John and Guadarrama, Sergio},
  journal={Advances in Neural Information Processing Systems},
  pages={11890--11901},
  year={2020}
}

@article{oord2018,
  title={Representation learning with contrastive predictive coding},
  author={Oord, Aaron van den and Li, Yazhe and Vinyals, Oriol},
  journal={arXiv preprint arXiv:1807.03748},
  year={2018}
}

@inproceedings{chen2020simple,
  title={A simple framework for contrastive learning of visual representations},
  author={Chen, Ting and Kornblith, Simon and Norouzi, Mohammad and Hinton, Geoffrey},
  booktitle={International conference on machine learning},
  pages={1597--1607},
  year={2020},
  organization={PMLR}
}

@inproceedings{haarnoja2018soft,
  title={Soft actor-critic: Off-policy maximum entropy deep reinforcement learning with a stochastic actor},
  author={Haarnoja, Tuomas and Zhou, Aurick and Abbeel, Pieter and Levine, Sergey},
  booktitle={International Conference on Machine Learning},
  pages={1861--1870},
  year={2018},
  organization={PMLR}
}

@inproceedings{mnih2013playing,
  title={Playing atari with deep reinforcement learning},
  author={Mnih, Volodymyr and Kavukcuoglu, Koray and Silver, David and Graves, Alex and Antonoglou, Ioannis and Wierstra, Daan and Riedmiller, Martin},
  booktitle={Advances in neural information processing systems},
  year={2013}
}

@inproceedings{ziebart2008maximum,
  title={Maximum entropy inverse reinforcement learning},
  author={Ziebart, Brian D and Maas, Andrew and Bagnell, J Andrew and Dey, Anind K},
  booktitle={Proceedings of the 23rd national conference on Artificial intelligence},
  pages={1433--1438},
  year={2008}
}

@article{jonschkowski2015learning,
  title={Learning state representations with robotic priors},
  author={Jonschkowski, Rico and Brock, Oliver},
  journal={Autonomous Robots},
  number={3},
  pages={407--428},
  year={2015},
  publisher={Springer}
}

@inproceedings{morik2019state,
  title={State Representation Learning with Robotic Priors for Partially Observable Environments},
  author={Morik, Marco and Rastogi, Divyam and Jonschkowski, Rico and Brock, Oliver},
  booktitle={2019 IEEE/RSJ International Conference on Intelligent Robots and Systems (IROS)},
  pages={6693--6699},
  year={2019},
  organization={IEEE}
}

@inproceedings{jonschkowski2017pves,
  title={Pves: Position-velocity encoders for unsupervised learning of structured state representations},
  author={Jonschkowski, Rico and Hafner, Roland and Scholz, Jonathan and Riedmiller, Martin},
  booktitle={Proceedings of the Robotics: Science and Systems (RSS 2017) Workshop on New Frontiers for Deep Learning in Robotics},
  year={2017}
}

@inproceedings{lesort2019deep,
  title={Deep unsupervised state representation learning with robotic priors: a robustness analysis},
  author={Lesort, Timoth{\'e}e and Seurin, Mathieu and Li, Xinrui and D{\'\i}az-Rodr{\'\i}guez, Natalia and Filliat, David},
  booktitle={2019 International Joint Conference on Neural Networks (IJCNN)},
  pages={1--8},
  year={2019},
  organization={IEEE}
}


@inproceedings{finn2016deep,
  title={Deep spatial autoencoders for visuomotor learning},
  author={Finn, Chelsea and Tan, Xin Yu and Duan, Yan and Darrell, Trevor and Levine, Sergey and Abbeel, Pieter},
  booktitle={2016 IEEE International Conference on Robotics and Automation (ICRA)},
  pages={512--519},
  year={2016},
  organization={IEEE}
}

@inproceedings{van2016stable,
  title={Stable reinforcement learning with autoencoders for tactile and visual data},
  author={Van Hoof, Herke and Chen, Nutan and Karl, Maximilian and van der Smagt, Patrick and Peters, Jan},
  booktitle={2016 IEEE/RSJ international conference on intelligent robots and systems (IROS)},
  pages={3928--3934},
  year={2016},
  organization={IEEE}
}

@inproceedings{finn2016unsupervised,
  title={Unsupervised learning for physical interaction through video prediction},
  author={Finn, Chelsea and Goodfellow, Ian and Levine, Sergey},
  booktitle={Proceedings of the 30th International Conference on Neural Information Processing Systems},
  pages={64--72},
  year={2016}
}

@InProceedings{belghazi2018mine, 
  title = {Mutual Information Neural Estimation}, author = {Belghazi, Mohamed Ishmael and Baratin, Aristide and Rajeshwar, Sai and Ozair, Sherjil and Bengio, Yoshua and Courville, Aaron and Hjelm, Devon}, 
  booktitle = {Proceedings of the 35th International Conference on Machine Learning}, 
  pages = {531--540}, 
  year = {2018},
  publisher = {PMLR}
  }


@article{donsker1975asymptotic,
  title={Asymptotic evaluation of certain Markov process expectations for large time, I},
  author={Donsker, Monroe D and Varadhan, SR Srinivasa},
  journal={Communications on Pure and Applied Mathematics},
  volume={28},
  number={1},
  pages={1--47},
  year={1975},
  publisher={Wiley Online Library}
}

@inproceedings{gutmann2010noise,
  title={Noise-contrastive estimation: A new estimation principle for unnormalized statistical models},
  author={Gutmann, Michael and Hyv{\"a}rinen, Aapo},
  booktitle={Proceedings of the Thirteenth International Conference on Artificial Intelligence and Statistics},
  pages={297--304},
  year={2010},
  organization={JMLR Workshop and Conference Proceedings}
}

@inproceedings{hjelm2018learning,
  title={Learning deep representations by mutual information estimation and maximization},
  author={Hjelm, R Devon and Fedorov, Alex and Lavoie-Marchildon, Samuel and Grewal, Karan and Bachman, Phil and Trischler, Adam and Bengio, Yoshua},
  booktitle={International Conference on Learning Representations},
  year={2018}
}

@article{bengio2017independently,
  title={Independently controllable features},
  author={Bengio, Emmanuel and Thomas, Valentin and Pineau, Joelle and Precup, Doina and Bengio, Yoshua},
  journal={arXiv preprint arXiv:1703.07718},
  year={2017}
}

@inproceedings{
yarats2021image,
title={Image Augmentation Is All You Need: Regularizing Deep Reinforcement Learning from Pixels},
author={Denis Yarats and Ilya Kostrikov and Rob Fergus},
booktitle={International Conference on Learning Representations},
year={2021}
}

@inproceedings{
stadie2015incentivizing,
title={Incentivizing exploration in reinforcement learning with deep predictive models},
author={Stadie, Bradly C and Levine, Sergey and Abbeel, Pieter},
booktitle={International Conference on Learning Representations},
year={2015}
}

@article{li2020neural,
  title={Neural fuzzy approximation enhanced autonomous tracking control of the wheel-legged robot under uncertain physical interaction},
  author={Li, Jiehao and Wang, Junzheng and Peng, Hui and Zhang, Longbin and Hu, Yingbai and Su, Hang},
  journal={Neurocomputing},
  volume={410},
  pages={342--353},
  year={2020},
  publisher={Elsevier}
}

@article{fischer2020conditional,
  title={The conditional entropy bottleneck},
  author={Fischer, Ian},
  journal={Entropy},
  number={9},
  pages={999},
  year={2020},
  publisher={Multidisciplinary Digital Publishing Institute}
}

@inproceedings{finn2017deep,
  title={Deep visual foresight for planning robot motion},
  author={Finn, Chelsea and Levine, Sergey},
  booktitle={2017 IEEE International Conference on Robotics and Automation (ICRA)},
  pages={2786--2793},
  year={2017},
  organization={IEEE}
}

@inproceedings{zhang2019solar,
  title={Solar: Deep structured representations for model-based reinforcement learning},
  author={Zhang, Marvin and Vikram, Sharad and Smith, Laura and Abbeel, Pieter and Johnson, Matthew and Levine, Sergey},
  booktitle={International Conference on Machine Learning},
  pages={7444--7453},
  year={2019},
  organization={PMLR}
}

@inproceedings{agrawal2016learning,
  title={Learning to poke by poking: experiential learning of intuitive physics},
  author={Agrawal, Pulkit and Nair, Ashvin and Abbeel, Pieter and Malik, Jitendra and Levine, Sergey},
  booktitle={Proceedings of the 30th International Conference on Neural Information Processing Systems},
  pages={5092--5100},
  year={2016}
}


@inproceedings{he2020momentum,
  title={Momentum contrast for unsupervised visual representation learning},
  author={He, Kaiming and Fan, Haoqi and Wu, Yuxin and Xie, Saining and Girshick, Ross},
  booktitle={Proceedings of the IEEE/CVF Conference on Computer Vision and Pattern Recognition},
  pages={9729--9738},
  year={2020}
}

@inproceedings{kim2018emi,
  title={EMI: Exploration with Mutual Information},
  author={Kim, Hyoungseok and Kim, Jaekyeom and Jeong, Yeonwoo and Levine, Sergey and Song, Hyun Oh},
  booktitle={International Conference on Machine Learning},
  pages={3360--3369},
  year={2019},
  organization={PMLR}
}

@article{tassa2018deepmind,
  title={Deepmind control suite},
  author={Tassa, Yuval and Doron, Yotam and Muldal, Alistair and Erez, Tom and Li, Yazhe and Casas, Diego de Las and Budden, David and Abdolmaleki, Abbas and Merel, Josh and Lefrancq, Andrew and others},
  journal={arXiv preprint arXiv:1801.00690},
  year={2018}
}


@article{Klingemann2015Raster,
  title={Rasterfairy},
  author={Mario Klingemann},
  journal={https://github.com/Quasimondo/RasterFairy},
  year={2015}
}

@article{van2008visualizing,
  title={Visualizing data using t-SNE},
  author={Van der Maaten, Laurens and Hinton, Geoffrey},
  journal={Journal of machine learning research},
  number={11},
  year={2008}
}

@article{li2020random,
  title={Random curiosity-driven exploration in deep reinforcement learning},
  author={Li, Jing and Shi, Xinxin and Li, Jiehao and Zhang, Xin and Wang, Junzheng},
  journal={Neurocomputing},
  volume={418},
  pages={139--147},
  year={2020},
  publisher={Elsevier}
}

@inproceedings{pathak2017curiosity,
  title={Curiosity-driven exploration by self-supervised prediction},
  author={Pathak, Deepak and Agrawal, Pulkit and Efros, Alexei A and Darrell, Trevor},
  booktitle={International conference on machine learning},
  pages={2778--2787},
  year={2017},
  organization={PMLR}
}














