% Please download the latest anthology.bib from
%
% http://aclweb.org/anthology/anthology.bib.gz
@article{Gehman2020RealToxicityPromptsEN,
  title={RealToxicityPrompts: Evaluating Neural Toxic Degeneration in Language Models},
  author={Samuel Gehman and Suchin Gururangan and Maarten Sap and Yejin Choi and Noah A. Smith},
  journal={ArXiv},
  year={2020},
  volume={abs/2009.11462}
}

@article{Sanh2019DistilBERTAD,
  title={DistilBERT, a distilled version of BERT: smaller, faster, cheaper and lighter},
  author={Victor Sanh and Lysandre Debut and Julien Chaumond and Thomas Wolf},
  journal={ArXiv},
  year={2019},
  volume={abs/1910.01108}
}

@inproceedings{Michel2019AreSH,
  title={Are Sixteen Heads Really Better than One?},
  author={Paul Michel and Omer Levy and Graham Neubig},
  booktitle={NeurIPS},
  year={2019}
}

@article{Gupta2020CompressionOD,
  title={Compression of Deep Learning Models for Text: A Survey},
  author={Manish Gupta and Puneet Agrawal},
  journal={ArXiv},
  year={2020},
  volume={abs/2008.05221}
}

@inproceedings{Barikeri2021RedditBiasAR,
  title={RedditBias: A Real-World Resource for Bias Evaluation and Debiasing of Conversational Language Models},
  author={Soumya Barikeri and Anne Lauscher and Ivan Vuli'c and Goran Glavas},
  booktitle={ACL/IJCNLP},
  year={2021}
}

@inproceedings{Nadeem2021StereoSetMS,
  title={StereoSet: Measuring stereotypical bias in pretrained language models},
  author={Moin Nadeem and Anna Bethke and Siva Reddy},
  booktitle={ACL/IJCNLP},
  year={2021}
}

@inproceedings{Zhao2018GenderBI,
  title={Gender Bias in Coreference Resolution: Evaluation and Debiasing Methods},
  author={Jieyu Zhao and Tianlu Wang and Mark Yatskar and Vicente Ordonez and Kai-Wei Chang},
  booktitle={NAACL},
  year={2018}
}

@article{Hooker2020CharacterisingBI,
  title={Characterising Bias in Compressed Models},
  author={Sara Hooker and Nyalleng Moorosi and Gregory Clark and Samy Bengio and Emily L. Denton},
  journal={ArXiv},
  year={2020},
  volume={abs/2010.03058}
}

@inproceedings{Joseph2020GoingBC,
  title={Going Beyond Classification Accuracy Metrics in Model Compression},
  author={Vinu Joseph and Shoaib Ahmed Siddiqui and Aditya Bhaskara and Ganesh Gopalakrishnan and Saurav Muralidharan and Michael Garland and Sheraz Ahmed and Andreas R. Dengel},
  year={2020}
}

@inproceedings{Roller2021RecipesFB,
  title={Recipes for Building an Open-Domain Chatbot},
  author={Stephen Roller and Emily Dinan and Naman Goyal and Da Ju and Mary Williamson and Yinhan Liu and Jing Xu and Myle Ott and Kurt Shuster and Eric Michael Smith and Y.-Lan Boureau and Jason Weston},
  booktitle={EACL},
  year={2021}
}

@inproceedings{Radford2019LanguageMA,
  title={Language Models are Unsupervised Multitask Learners},
  author={Alec Radford and Jeff Wu and Rewon Child and David Luan and Dario Amodei and Ilya Sutskever},
  year={2019}
}

@article{Papernot2016DistillationAA,
  title={Distillation as a Defense to Adversarial Perturbations Against Deep Neural Networks},
  author={Nicolas Papernot and Patrick Mcdaniel and Xi Wu and Somesh Jha and Ananthram Swami},
  journal={2016 IEEE Symposium on Security and Privacy (SP)},
  year={2016},
  pages={582-597}
}

@article{Hinton2015DistillingTK,
  title={Distilling the Knowledge in a Neural Network},
  author={Geoffrey E. Hinton and Oriol Vinyals and Jeffrey Dean},
  journal={ArXiv},
  year={2015},
  volume={abs/1503.02531}
}

@inproceedings{wolf-etal-2020-transformers,
    title = "Transformers: State-of-the-Art Natural Language Processing",
    author = "Thomas Wolf and Lysandre Debut and Victor Sanh and Julien Chaumond and Clement Delangue and Anthony Moi and Pierric Cistac and Tim Rault and RÃ©mi Louf and Morgan Funtowicz and Joe Davison and Sam Shleifer and Patrick von Platen and Clara Ma and Yacine Jernite and Julien Plu and Canwen Xu and Teven Le Scao and Sylvain Gugger and Mariama Drame and Quentin Lhoest and Alexander M. Rush",
    booktitle = "Proceedings of the 2020 Conference on Empirical Methods in Natural Language Processing: System Demonstrations",
    month = oct,
    year = "2020",
    address = "Online",
    publisher = "Association for Computational Linguistics",
    url = "https://www.aclweb.org/anthology/2020.emnlp-demos.6",
    pages = "38--45"
}

@article{Jordo2021OnTE,
  title={On the Effect of Pruning on Adversarial Robustness},
  author={Artur Jord{\~a}o and H{\'e}lio Pedrini},
  journal={2021 IEEE/CVF International Conference on Computer Vision Workshops (ICCVW)},
  year={2021},
  pages={1-11}
}

@article{Sehwag2020HYDRAPA,
  title={HYDRA: Pruning Adversarially Robust Neural Networks},
  author={Vikash Sehwag and Shiqi Wang and Prateek Mittal and Suman Sekhar Jana},
  journal={arXiv: Computer Vision and Pattern Recognition},
  year={2020}
}

@inproceedings{Zhang2020DIALOGPTL,
  title={DIALOGPT : Large-Scale Generative Pre-training for Conversational Response Generation},
  author={Yizhe Zhang and Siqi Sun and Michel Galley and Yen-Chun Chen and Chris Brockett and Xiang Gao and Jianfeng Gao and Jingjing Liu and William B. Dolan},
  booktitle={ACL},
  year={2020}
}

@misc{Detoxify,
  title={Detoxify},
  author={Hanu, Laura and {Unitary team}},
  howpublished={Github. https://github.com/unitaryai/detoxify},
  year={2020}
}

@article{Sun2021OnTS,
  title={On the Safety of Conversational Models: Taxonomy, Dataset, and Benchmark},
  author={Hao Sun and Guangxuan Xu and Jiawen Deng and Jiale Cheng and Chujie Zheng and Hao Zhou and Nanyun Peng and Xiaoyan Zhu and Minlie Huang},
  journal={ArXiv},
  year={2021},
  volume={abs/2110.08466}
}

@article{Hu2020TripleWB,
  title={Triple Wins: Boosting Accuracy, Robustness and Efficiency Together by Enabling Input-Adaptive Inference},
  author={Ting-Kuei Hu and Tianlong Chen and Haotao Wang and Zhangyang Wang},
  journal={ArXiv},
  year={2020},
  volume={abs/2002.10025}
}

@inproceedings{Kaya2019ShallowDeepNU,
  title={Shallow-Deep Networks: Understanding and Mitigating Network Overthinking},
  author={Yigitcan Kaya and Sanghyun Hong and Tudor Dumitras},
  booktitle={ICML},
  year={2019}
}

@article{Bartoldson2020TheGT,
  title={The Generalization-Stability Tradeoff in Neural Network Pruning},
  author={Brian Bartoldson and Ari S. Morcos and Adrian Barbu and Gordon Erlebacher},
  journal={ArXiv},
  year={2020},
  volume={abs/1906.03728}
}

@article{Hendrycks2019BenchmarkingNN,
  title={Benchmarking Neural Network Robustness to Common Corruptions and Perturbations},
  author={Dan Hendrycks and Thomas G. Dietterich},
  journal={ArXiv},
  year={2019},
  volume={abs/1903.12261}
}

@article{Pang2021BagOT,
  title={Bag of Tricks for Adversarial Training},
  author={Tianyu Pang and Xiao Yang and Yinpeng Dong and Hang Su and Jun Zhu},
  journal={ArXiv},
  year={2021},
  volume={abs/2010.00467}
}

@article{Fan2020ReducingTD,
  title={Reducing Transformer Depth on Demand with Structured Dropout},
  author={Angela Fan and Edouard Grave and Armand Joulin},
  journal={ArXiv},
  year={2020},
  volume={abs/1909.11556}
}

@article{Arani2019ImprovingGA,
  title={Improving Generalization and Robustness with Noisy Collaboration in Knowledge Distillation},
  author={E. Arani and Fahad Sarfraz and Bahram Zonooz},
  journal={ArXiv},
  year={2019},
  volume={abs/1910.05057}
}

@inproceedings{Zhao2021KnowledgeDW,
  title={Knowledge Distillation with BERT for Image Tag-Based Privacy Prediction},
  author={Chenye Zhao and Cornelia Caragea},
  booktitle={RANLP},
  year={2021}
}

@inproceedings{Goldblum2020AdversariallyRD,
  title={Adversarially Robust Distillation},
  author={Micah Goldblum and Liam Fowl and Soheil Feizi and Tom Goldstein},
  booktitle={AAAI},
  year={2020}
}

@article{Shejwalkar2019ReconcilingUA,
  title={Reconciling Utility and Membership Privacy via Knowledge Distillation},
  author={Virat Shejwalkar and Amir Houmansadr},
  journal={ArXiv},
  year={2019},
  volume={abs/1906.06589}
}

@inproceedings{Voita2019AnalyzingMS,
  title={Analyzing Multi-Head Self-Attention: Specialized Heads Do the Heavy Lifting, the Rest Can Be Pruned},
  author={Elena Voita and David Talbot and F. Moiseev and Rico Sennrich and Ivan Titov},
  booktitle={ACL},
  year={2019}
}

@article{Prasanna2020WhenBP,
  title={When BERT Plays the Lottery, All Tickets Are Winning},
  author={Sai Prasanna and Anna Rogers and Anna Rumshisky},
  journal={ArXiv},
  year={2020},
  volume={abs/2005.00561}
}

@article{Jiao2020TinyBERTDB,
  title={TinyBERT: Distilling BERT for Natural Language Understanding},
  author={Xiaoqi Jiao and Yichun Yin and Lifeng Shang and Xin Jiang and Xiao Chen and Linlin Li and Fang Wang and Qun Liu},
  journal={ArXiv},
  year={2020},
  volume={abs/1909.10351}
}

@article{Iandola2020SqueezeBERTWC,
  title={SqueezeBERT: What can computer vision teach NLP about efficient neural networks?},
  author={Forrest N. Iandola and Albert Eaton Shaw and Ravi Krishna and Kurt Keutzer},
  journal={ArXiv},
  year={2020},
  volume={abs/2006.11316}
}

@inproceedings{Cheong2019transformersZ,
  title={transformers . zip : Compressing Transformers with Pruning and Quantization},
  author={Robin Cheong},
  year={2019}
}

@article{Dehghani2019UniversalT,
  title={Universal Transformers},
  author={Mostafa Dehghani and Stephan Gouws and Oriol Vinyals and Jakob Uszkoreit and Lukasz Kaiser},
  journal={ArXiv},
  year={2019},
  volume={abs/1807.03819}
}

@article{Lan2020ALBERTAL,
  title={ALBERT: A Lite BERT for Self-supervised Learning of Language Representations},
  author={Zhenzhong Lan and Mingda Chen and Sebastian Goodman and Kevin Gimpel and Piyush Sharma and Radu Soricut},
  journal={ArXiv},
  year={2020},
  volume={abs/1909.11942}
}

@article{Sheng2019TheWW,
  title={The Woman Worked as a Babysitter: On Biases in Language Generation},
  author={Emily Sheng and Kai-Wei Chang and P. Natarajan and Nanyun Peng},
  journal={ArXiv},
  year={2019},
  volume={abs/1909.01326}
}

