% Use this file for citations not found in the ACL Anthology (contained in "anthology.bib").
@inproceedings{artetxe2020call,
  title={A Call for More Rigor in Unsupervised Cross-lingual Learning},
  author={Artetxe, Mikel and Ruder, Sebastian and Yogatama, Dani and Labaka, Gorka and Agirre, Eneko},
  booktitle={ACL},
  pages={7375--7388},
  year={2020}
}
@article{liu2022retromae,
  title={RetroMAE: Pre-training Retrieval-oriented Transformers via Masked Auto-Encoder},
  author={Liu, Zheng and Shao, Yingxia},
  journal={arXiv preprint arXiv:2205.12035},
  year={2022}
}
@inproceedings{chen2021empirical,
  title={An empirical study of training self-supervised vision transformers},
  author={Chen, Xinlei and Xie, Saining and He, Kaiming},
  booktitle={ICCV},
  year={2021}
}
@inproceedings{litschko2021evaluating,
  title={Evaluating multilingual text encoders for unsupervised cross-lingual retrieval},
  author={Litschko, Robert and Vuli{\'c}, Ivan and Ponzetto, Simone Paolo and Glava{\v{s}}, Goran},
  booktitle={ECIR},
  pages={342--358},
  year={2021},
  organization={Springer}
}
@mastersthesis{Sagen1545786,
   author = {Sagen, Markus},
   institution = {Uppsala University, Department of Information Technology},
   pages = {45},
   school = {Uppsala University, Department of Information Technology},
   title = {Large-Context Question Answering with Cross-Lingual Transfer},
   series = {UPTEC IT},
   ISSN = {1401-5749},
   number = {21003},
   year = {2021}
}
@inproceedings{zhang2021bootstrapped,
  title={Bootstrapped Unsupervised Sentence Representation Learning},
  author={Zhang, Yan and He, Ruidan and Liu, Zuozhu and Bing, Lidong and Li, Haizhou},
  booktitle={ACL},
  year={2021}
}

@article{litschko2022parameter,
  title={Parameter-Efficient Neural Reranking for Cross-Lingual and Multilingual Retrieval},
  author={Litschko, Robert and Vuli{\'c}, Ivan and Glava{\v{s}}, Goran},
  journal={arXiv preprint arXiv:2204.02292},
  year={2022}
}

@inproceedings{pfeiffer2020mad,
  title={MAD-X: An Adapter-Based Framework for Multi-Task Cross-Lingual Transfer},
  author={Pfeiffer, Jonas and Vuli{\'c}, Ivan and Gurevych, Iryna and Ruder, Sebastian},
  booktitle={EMNLP},
  pages={7654--7673},
  year={2020}
}

@article{artetxe2019massively,
  title={Massively multilingual sentence embeddings for zero-shot cross-lingual transfer and beyond},
  author={Artetxe, Mikel and Schwenk, Holger},
  journal={TACL},
  year={2019},
}

@inproceedings{reimers-gurevych-2020-making,
    title = "Making Monolingual Sentence Embeddings Multilingual using Knowledge Distillation",
    author = "Reimers, Nils  and
      Gurevych, Iryna",
    booktitle = "EMNLP",
    year = "2020",
}

@article{yang2019multilingual,
  title={Multilingual universal sentence encoder for semantic retrieval},
  author={Yang, Yinfei and Cer, Daniel and Ahmad, Amin and Guo, Mandy and Law, Jax and Constant, Noah and Abrego, Gustavo Hernandez and Yuan, Steve and Tar, Chris and Sung, Yun-Hsuan and others},
  journal={arXiv preprint arXiv:1907.04307},
  year={2019}
}

@article{izacard2021unsupervised,
  title={Unsupervised dense information retrieval with contrastive learning},
  author={Izacard, Gautier and Caron, Mathilde and Hosseini, Lucas and Riedel, Sebastian and Bojanowski, Piotr and Joulin, Armand and Grave, Edouard},
  journal={arXiv preprint arXiv:2112.09118},
  year={2021}
}

@article{asai2019learning,
  title={Learning to retrieve reasoning paths over wikipedia graph for question answering},
  author={Asai, Akari and Hashimoto, Kazuma and Hajishirzi, Hannaneh and Socher, Richard and Xiong, Caiming},
  journal={arXiv preprint arXiv:1911.10470},
  year={2019}
}

@article{huang2022concrete,
  title={CONCRETE: Improving Cross-lingual Fact-checking with Cross-lingual Retrieval},
  author={Huang, Kung-Hsiang and Zhai, ChengXiang and Ji, Heng},
  journal={arXiv preprint arXiv:2209.02071},
  year={2022}
}

@inproceedings{artetxe-etal-2020-cross,
    title = "On the Cross-lingual Transferability of Monolingual Representations",
    author = "Artetxe, Mikel  and
      Ruder, Sebastian  and
      Yogatama, Dani",
    booktitle = "ACL",
    year = "2020",
}

@inproceedings{asai-etal-2021-xor,
    title = "{XOR} {QA}: Cross-lingual Open-Retrieval Question Answering",
    author = "Asai, Akari  and
      Kasai, Jungo  and
      Clark, Jonathan  and
      Lee, Kenton  and
      Choi, Eunsol  and
      Hajishirzi, Hannaneh",
    booktitle = "NAACL",
    year = "2021",
}

@inproceedings{cao-etal-2022-exploring,
    title = "Exploring the Impact of Negative Samples of Contrastive Learning: A Case Study of Sentence Embedding",
    author = "Cao, Rui  and
      Wang, Yihao  and
      Liang, Yuxin  and
      Gao, Ling  and
      Zheng, Jie  and
      Ren, Jie  and
      Wang, Zheng",
    booktitle = "Findings of ACL",
    year = "2022",
}

@inproceedings{chi-etal-2021-infoxlm,
    title = "{I}nfo{XLM}: An Information-Theoretic Framework for Cross-Lingual Language Model Pre-Training",
    author = "Chi, Zewen  and
      Dong, Li  and
      Wei, Furu  and
      Yang, Nan  and
      Singhal, Saksham  and
      Wang, Wenhui  and
      Song, Xia  and
      Mao, Xian-Ling  and
      Huang, Heyan  and
      Zhou, Ming",
    booktitle = "NAACL",
    year = "2021",
}
@inproceedings{botha-etal-2020-entity,
    title = "{E}ntity {L}inking in 100 {L}anguages",
    author = "Botha, Jan A.  and
      Shan, Zifei  and
      Gillick, Daniel",
    booktitle = "EMNLP",
    year = "2020",
}
@inproceedings{chai-etal-2022-cross,
    title = "Cross-Lingual Ability of Multilingual Masked Language Models: A Study of Language Structure",
    author = "Chai, Yuan  and
      Liang, Yaobo  and
      Duan, Nan",
    booktitle = "ACL",
    year = "2022",
}
@inproceedings{conneau-etal-2020-emerging,
    title = "Emerging Cross-lingual Structure in Pretrained Language Models",
    author = "Conneau, Alexis  and
      Wu, Shijie  and
      Li, Haoran  and
      Zettlemoyer, Luke  and
      Stoyanov, Veselin",
    booktitle = "ACL",
    year = "2020",
}
@inproceedings{feng-etal-2022-language,
    title = "Language-agnostic {BERT} Sentence Embedding",
    author = "Feng, Fangxiaoyu  and
      Yang, Yinfei  and
      Cer, Daniel  and
      Arivazhagan, Naveen  and
      Wang, Wei",
    booktitle = "ACL",
    year = "2022",
}
@inproceedings{gao-etal-2021-simcse,
    title = "{S}im{CSE}: Simple Contrastive Learning of Sentence Embeddings",
    author = "Gao, Tianyu  and
      Yao, Xingcheng  and
      Chen, Danqi",
    booktitle = "EMNLP",
    year = "2021",
}
@inproceedings{giorgi-etal-2021-declutr,
    title = "{D}e{CLUTR}: Deep Contrastive Learning for Unsupervised Textual Representations",
    author = "Giorgi, John  and
      Nitski, Osvald  and
      Wang, Bo  and
      Bader, Gary",
    booktitle = "ACL",
    year = "2021",
}
@inproceedings{iter-etal-2020-pretraining,
    title = "Pretraining with Contrastive Sentence Objectives Improves Discourse Performance of Language Models",
    author = "Iter, Dan  and
      Guu, Kelvin  and
      Lansing, Larry  and
      Jurafsky, Dan",
    booktitle = "ACL",
    year = "2020",
}
@article{kwiatkowski-etal-2019-natural,
    title = "Natural Questions: A Benchmark for Question Answering Research",
    author = "Kwiatkowski, Tom  and
      Palomaki, Jennimaria  and
      Redfield, Olivia  and
      Collins, Michael  and
      Parikh, Ankur  and
      Alberti, Chris  and
      Epstein, Danielle  and
      Polosukhin, Illia  and
      Devlin, Jacob  and
      Lee, Kenton  and
      Toutanova, Kristina  and
      Jones, Llion  and
      Kelcey, Matthew  and
      Chang, Ming-Wei  and
      Dai, Andrew M.  and
      Uszkoreit, Jakob  and
      Le, Quoc  and
      Petrov, Slav",
    journal = "TACL",
    year = "2019",
}
@inproceedings{lee-etal-2019-latent,
    title = "Latent Retrieval for Weakly Supervised Open Domain Question Answering",
    author = "Lee, Kenton  and
      Chang, Ming-Wei  and
      Toutanova, Kristina",
    booktitle = "ACL",
    year = "2019",
}
@inproceedings{liang-etal-2020-xglue,
    title = "{XGLUE}: A New Benchmark Datasetfor Cross-lingual Pre-training, Understanding and Generation",
    author = "Liang, Yaobo  and
      Duan, Nan  and
      Gong, Yeyun  and
      Wu, Ning  and
      Guo, Fenfei  and
      Qi, Weizhen  and
      Gong, Ming  and
      Shou, Linjun  and
      Jiang, Daxin  and
      Cao, Guihong  and
      Fan, Xiaodong  and
      Zhang, Ruofei  and
      Agrawal, Rahul  and
      Cui, Edward  and
      Wei, Sining  and
      Bharti, Taroon  and
      Qiao, Ying  and
      Chen, Jiun-Hung  and
      Wu, Winnie  and
      Liu, Shuguang  and
      Yang, Fan  and
      Campos, Daniel  and
      Majumder, Rangan  and
      Zhou, Ming",
    booktitle = "EMNLP",
    year = "2020",
}
@inproceedings{ouyang-etal-2021-ernie,
    title = "{ERNIE}-{M}: Enhanced Multilingual Representation by Aligning Cross-lingual Semantics with Monolingual Corpora",
    author = "Ouyang, Xuan  and
      Wang, Shuohuan  and
      Pang, Chao  and
      Sun, Yu  and
      Tian, Hao  and
      Wu, Hua  and
      Wang, Haifeng",
    booktitle = "EMNLP",
    year = "2021",
}
@inproceedings{qu-etal-2021-rocketqa,
    title = "{R}ocket{QA}: An Optimized Training Approach to Dense Passage Retrieval for Open-Domain Question Answering",
    author = "Qu, Yingqi  and
      Ding, Yuchen  and
      Liu, Jing  and
      Liu, Kai  and
      Ren, Ruiyang  and
      Zhao, Wayne Xin  and
      Dong, Daxiang  and
      Wu, Hua  and
      Wang, Haifeng",
    booktitle = "NAACL",
    year = "2021",
}
@inproceedings{resnik-1998-parallel,
    title = "Parallel strands: a preliminary investigation into mining the Web for bilingual text",
    author = "Resnik, Philip",
    booktitle = "Proceedings of the Third Conference of the Association for Machine Translation in the Americas: Technical Papers",
    year = "1998",
}

@inproceedings{roy-etal-2020-lareqa,
    title = "{LAR}e{QA}: Language-Agnostic Answer Retrieval from a Multilingual Pool",
    author = "Roy, Uma  and
      Constant, Noah  and
      Al-Rfou, Rami  and
      Barua, Aditya  and
      Phillips, Aaron  and
      Yang, Yinfei",
    booktitle = "Proceedings of the 2020 Conference on Empirical Methods in Natural Language Processing (EMNLP)",
    year = "2020",
}

@inproceedings{ruder-etal-2021-xtreme,
    title = "{XTREME}-{R}: Towards More Challenging and Nuanced Multilingual Evaluation",
    author = "Ruder, Sebastian  and
      Constant, Noah  and
      Botha, Jan  and
      Siddhant, Aditya  and
      Firat, Orhan  and
      Fu, Jinlan  and
      Liu, Pengfei  and
      Hu, Junjie  and
      Garrette, Dan  and
      Neubig, Graham  and
      Johnson, Melvin",
    booktitle = "EMNLP",
    year = "2021",
}
@article{rogers2020primer,
  title={A primer in bertology: What we know about how bert works},
  author={Rogers, Anna and Kovaleva, Olga and Rumshisky, Anna},
  journal={Transactions of the Association for Computational Linguistics},
  year={2020},
  publisher={MIT Press}
}
@inproceedings{li-etal-2020-optimus,
    title = "Optimus: Organizing Sentences via Pre-trained Modeling of a Latent Space",
    author = "Li, Chunyuan  and
      Gao, Xiang  and
      Li, Yuan  and
      Peng, Baolin  and
      Li, Xiujun  and
      Zhang, Yizhe  and
      Gao, Jianfeng",
    booktitle = "EMNLP",
    month = nov,
    year = "2020",
}

@inproceedings{santra-etal-2021-hierarchical,
    title = "Hierarchical Transformer for Task Oriented Dialog Systems",
    author = "Santra, Bishal  and
      Anusha, Potnuru  and
      Goyal, Pawan",
    booktitle = "NAACL",
    month = jun,
    year = "2021",
}
@inproceedings{shi-etal-2021-cross,
    title = "Cross-Lingual Training of Dense Retrievers for Document Retrieval",
    author = "Shi, Peng  and
      Zhang, Rui  and
      Bai, He  and
      Lin, Jimmy",
    booktitle = "Proceedings of the 1st Workshop on Multilingual Representation Learning",
    year = "2021",
}
@inproceedings{sun-duh-2020-clirmatrix,
    title = "{CLIRM}atrix: A massively large collection of bilingual and multilingual datasets for Cross-Lingual Information Retrieval",
    author = "Sun, Shuo  and
      Duh, Kevin",
    booktitle = "EMNLP",
    year = "2020",
}
@inproceedings{thompson-koehn-2020-exploiting,
    title = "Exploiting Sentence Order in Document Alignment",
    author = "Thompson, Brian  and
      Koehn, Philipp",
    booktitle = "EMNLP",
    year = "2020",
}
@inproceedings{zhang-etal-2019-hibert,
    title = "{HIBERT}: Document Level Pre-training of Hierarchical Bidirectional Transformers for Document Summarization",
    author = "Zhang, Xingxing  and
      Wei, Furu  and
      Zhou, Ming",
    booktitle = "ACL",
    year = "2019",
}
@inproceedings{zhang-etal-2021-mr,
    title = "Mr. {T}y{D}i: A Multi-lingual Benchmark for Dense Retrieval",
    author = "Zhang, Xinyu  and
      Ma, Xueguang  and
      Shi, Peng  and
      Lin, Jimmy",
    booktitle = "Proceedings of the 1st Workshop on Multilingual Representation Learning",
    year = "2021",
}
@inproceedings{zhou-etal-2022-hyperlink,
    title = "Hyperlink-induced Pre-training for Passage Retrieval in Open-domain Question Answering",
    author = "Zhou, Jiawei  and
      Li, Xiaoguang  and
      Shang, Lifeng  and
      Luo, Lan  and
      Zhan, Ke  and
      Hu, Enrui  and
      Zhang, Xinyu  and
      Jiang, Hao  and
      Cao, Zhao  and
      Yu, Fan  and
      Jiang, Xin  and
      Liu, Qun  and
      Chen, Lei",
    booktitle = "ACL",
    year = "2022",
}

@article{ma2022pre,
  title={Pre-train a Discriminative Text Encoder for Dense Retrieval via Contrastive Span Prediction},
  author={Ma, Xinyu and Guo, Jiafeng and Zhang, Ruqing and Fan, Yixing and Cheng, Xueqi},
  journal={arXiv preprint arXiv:2204.10641},
  year={2022}
}

@inproceedings{jiang2022xlm,
  title={XLM-K: Improving cross-lingual language model pre-training with multilingual knowledge},
  author={Jiang, Xiaoze and Liang, Yaobo and Chen, Weizhu and Duan, Nan},
  booktitle={Proceedings of the AAAI Conference on Artificial Intelligence},
  pages={10840--10848},
  year={2022}
}

@article{wu2022contextual,
  title={ConTextual Mask Auto-Encoder for Dense Passage Retrieval},
  author={Wu, Xing and Ma, Guangyuan and Lin, Meng and Lin, Zijia and Wang, Zhongyuan and Hu, Songlin},
  journal={arXiv preprint arXiv:2208.07670},
  year={2022}
}

@article{wenzek2019ccnet,
  title={Ccnet: Extracting high quality monolingual datasets from web crawl data},
  author={Wenzek, Guillaume and Lachaux, Marie-Anne and Conneau, Alexis and Chaudhary, Vishrav and Guzm{\'a}n, Francisco and Joulin, Armand and Grave, Edouard},
  journal={arXiv preprint arXiv:1911.00359},
  year={2019}
}

@article{dong2022exploring,
  title={Exploring Dual Encoder Architectures for Question Answering},
  author={Dong, Zhe and Ni, Jianmo and Bikel, Dan and Alfonseca, Enrique and Wang, Yuan and Qu, Chen and Zitouni, Imed},
  journal={arXiv preprint arXiv:2204.07120},
  year={2022}
}

@article{oord2018representation,
  title={Representation learning with contrastive predictive coding},
  author={Oord, Aaron van den and Li, Yazhe and Vinyals, Oriol},
  journal={arXiv preprint arXiv:1807.03748},
  year={2018}
}

@inproceedings{yan2013biterm,
  title={A biterm topic model for short texts},
  author={Yan, Xiaohui and Guo, Jiafeng and Lan, Yanyan and Cheng, Xueqi},
  booktitle={Proceedings of the 22nd international conference on World Wide Web},
  pages={1445--1456},
  year={2013}
}

@article{nie2010cross,
  title={Cross-language information retrieval},
  author={Nie, Jian-Yun},
  journal={Synthesis Lectures on Human Language Technologies},
  volume={3},
  number={1},
  pages={1--125},
  year={2010},
  publisher={Morgan \& Claypool Publishers}
}

@article{wei2020learning,
  title={On learning universal representations across languages},
  author={Wei, Xiangpeng and Weng, Rongxiang and Hu, Yue and Xing, Luxi and Yu, Heng and Luo, Weihua},
  journal={arXiv preprint arXiv:2007.15960},
  year={2020}
}

@article{wu2022unsupervised,
  title={Unsupervised Context Aware Sentence Representation Pretraining for Multi-lingual Dense Retrieval},
  author={Wu, Ning and Liang, Yaobo and Ren, Houxing and Shou, Linjun and Duan, Nan and Gong, Ming and Jiang, Daxin},
  journal={arXiv preprint arXiv:2206.03281},
  year={2022}
}

@inproceedings{sun2020ernie2.0,
  title={Ernie 2.0: A continual pre-training framework for language understanding},
  author={Sun, Yu and Wang, Shuohuan and Li, Yukun and Feng, Shikun and Tian, Hao and Wu, Hua and Wang, Haifeng},
  booktitle={AAAI},
  pages={8968--8975},
  year={2020}
}

@inproceedings{ma2021prop,
  title={Prop: Pre-training with representative words prediction for ad-hoc retrieval},
  author={Ma, Xinyu and Guo, Jiafeng and Zhang, Ruqing and Fan, Yixing and Ji, Xiang and Cheng, Xueqi},
  booktitle={WSDM},
  pages={283--291},
  year={2021}
}

@inproceedings{ma2021pre,
  title={Pre-training for ad-hoc retrieval: hyperlink is also you need},
  author={Ma, Zhengyi and Dou, Zhicheng and Xu, Wei and Zhang, Xinyu and Jiang, Hao and Cao, Zhao and Wen, Ji-Rong},
  booktitle={CIKM},
  pages={1212--1221},
  year={2021}
}

@inproceedings{zhang2021poolingformer,
  title={Poolingformer: Long document modeling with pooling attention},
  author={Zhang, Hang and Gong, Yeyun and Shen, Yelong and Li, Weisheng and Lv, Jiancheng and Duan, Nan and Chen, Weizhu},
  booktitle={International Conference on Machine Learning},
  pages={12437--12446},
  year={2021},
  organization={PMLR}
}

@inproceedings{ma2021b,
  title={B-PROP: bootstrapped pre-training with representative words prediction for ad-hoc retrieval},
  author={Ma, Xinyu and Guo, Jiafeng and Zhang, Ruqing and Fan, Yixing and Li, Yingyan and Cheng, Xueqi},
  booktitle={SIGIR},
  pages={1513--1522},
  year={2021}
}

@article{nogueira2019document,
  title={Document expansion by query prediction},
  author={Nogueira, Rodrigo and Yang, Wei and Lin, Jimmy and Cho, Kyunghyun},
  journal={arXiv preprint arXiv:1904.08375},
  year={2019}
}

@article{reddy2021towards,
  title={Towards robust neural retrieval models with synthetic pre-training},
  author={Reddy, Revanth Gangi and Yadav, Vikas and Sultan, Md Arafat and Franz, Martin and Castelli, Vittorio and Ji, Heng and Sil, Avirup},
  journal={arXiv preprint arXiv:2104.07800},
  year={2021}
}

@article{izacard2021towards,
  title={Towards unsupervised dense information retrieval with contrastive learning},
  author={Izacard, Gautier and Caron, Mathilde and Hosseini, Lucas and Riedel, Sebastian and Bojanowski, Piotr and Joulin, Armand and Grave, Edouard},
  journal={arXiv preprint arXiv:2112.09118},
  year={2021}
}

@inproceedings{ferro2015clef,
  title={CLEF 2000-2014: Lessons Learnt from Ad Hoc Retrieval.},
  author={Ferro, Nicola and Silvello, Gianmaria},
  booktitle={IIR},
  year={2015}
}

@inproceedings{hu2020xtreme,
  title={Xtreme: A massively multilingual multi-task benchmark for evaluating cross-lingual generalisation},
  author={Hu, Junjie and Ruder, Sebastian and Siddhant, Aditya and Neubig, Graham and Firat, Orhan and Johnson, Melvin},
  booktitle={ICML},
  pages={4411--4421},
  year={2020},
  organization={PMLR}
}

@article{asai2021one,
  title={One question answering model for many languages with cross-lingual dense passage retrieval},
  author={Asai, Akari and Yu, Xinyan and Kasai, Jungo and Hajishirzi, Hanna},
  journal={Advances in Neural Information Processing Systems},
  volume={34},
  pages={7547--7560},
  year={2021}
}

@article{li2021learning,
  title={Learning Cross-Lingual IR from an English Retriever},
  author={Li, Yulong and Franz, Martin and Sultan, Md Arafat and Iyer, Bhavani and Lee, Young-Suk and Sil, Avirup},
  journal={arXiv preprint arXiv:2112.08185},
  year={2021}
}

@article{lample2019cross,
  title={Cross-lingual language model pretraining},
  author={Lample, Guillaume and Conneau, Alexis},
  journal={arXiv preprint arXiv:1901.07291},
  year={2019}
}

@article{huang2019unicoder,
  title={Unicoder: A universal language encoder by pre-training with multiple cross-lingual tasks},
  author={Huang, Haoyang and Liang, Yaobo and Duan, Nan and Gong, Ming and Shou, Linjun and Jiang, Daxin and Zhou, Ming},
  journal={arXiv preprint arXiv:1909.00964},
  year={2019}
}

@article{conneau2019unsupervised,
  title={Unsupervised cross-lingual representation learning at scale},
  author={Conneau, Alexis and Khandelwal, Kartikay and Goyal, Naman and Chaudhary, Vishrav and Wenzek, Guillaume and Guzm{\'a}n, Francisco and Grave, Edouard and Ott, Myle and Zettlemoyer, Luke and Stoyanov, Veselin},
  journal={arXiv preprint arXiv:1911.02116},
  year={2019}
}
@article{zhang2022towards,
  title={Towards Best Practices for Training Multilingual Dense Retrieval Models},
  author={Zhang, Xinyu and Ogueji, Kelechi and Ma, Xueguang and Lin, Jimmy},
  journal={arXiv preprint arXiv:2204.02363},
  year={2022}
}
@article{zhang2021adversarial,
  title={Adversarial Retriever-Ranker for dense text retrieval},
  author={Zhang, Hang and Gong, Yeyun and Shen, Yelong and Lv, Jiancheng and Duan, Nan and Chen, Weizhu},
  journal={arXiv preprint arXiv:2110.03611},
  year={2021}
}

@inproceedings{izacard2020distilling,
  author    = {Gautier Izacard and
               Edouard Grave},
  title     = {Distilling Knowledge from Reader to Retriever for Question Answering},
  booktitle = {{ICLR}},
  year      = {2021},
}

@inproceedings{chang2020pre,
  author    = {Wei{-}Cheng Chang and
               Felix X. Yu and
               Yin{-}Wen Chang and
               Yiming Yang and
               Sanjiv Kumar},
  title     = {Pre-training Tasks for Embedding-based Large-scale Retrieval},
  booktitle = {ICLR},
  year      = {2020},
}

@inproceedings{poly2019,
  author    = {Samuel Humeau and
               Kurt Shuster and
               Marie{-}Anne Lachaux and
               Jason Weston},
  title     = {Poly-encoders: Architectures and Pre-training Strategies for Fast
               and Accurate Multi-sentence Scoring},
  booktitle = {8th International Conference on Learning Representations, {ICLR} 2020,
               Addis Ababa, Ethiopia, April 26-30, 2020},
  publisher = {OpenReview.net},
  year      = {2020},
  url       = {https://openreview.net/forum?id=SkxgnnNFvH},
  timestamp = {Thu, 30 Jul 2020 17:57:23 +0200},
  biburl    = {https://dblp.org/rec/conf/iclr/HumeauSLW20.bib},
  bibsource = {dblp computer science bibliography, https://dblp.org}
}


@article{faiss17,
  title={Billion-scale similarity search with gpus},
  author={Johnson, Jeff and Douze, Matthijs and J{\'e}gou, Herv{\'e}},
  journal={IEEE Transactions on Big Data},
  year={2019},
  publisher={IEEE}
}

@inproceedings{guu2020realm,
  title={Retrieval augmented language model pre-training},
  author={Guu, Kelvin and Lee, Kenton and Tung, Zora and Pasupat, Panupong and Chang, Mingwei},
  booktitle={International Conference on Machine Learning},
  pages={3929--3938},
  year={2020},
  organization={PMLR}
}

@inproceedings{andoni2018approximate,
  title={Approximate nearest neighbor search in high dimensions},
  author={Andoni, Alexandr and Indyk, Piotr and Razenshteyn, Ilya},
  booktitle={Proceedings of the International Congress of Mathematicians: Rio de Janeiro 2018},
  year={2018},
}

@article{oguz2021unik,
  title={Unik-qa: Unified representations of structured and unstructured knowledge for open-domain question answering},
  author={Oguz, Barlas and Chen, Xilun and Karpukhin, Vladimir and Peshterliev, Stan and Okhonko, Dmytro and Schlichtkrull, Michael and Gupta, Sonal and Mehdad, Yashar and Yih, Scott},
  journal={arXiv preprint arXiv:2012.14610},
  volume={54},
  pages={57--60},
  year={2021}
}


@inproceedings{huang2013learning,
  title={Learning deep structured semantic models for web search using clickthrough data},
  author={Huang, Po-Sen and He, Xiaodong and Gao, Jianfeng and Deng, Li and Acero, Alex and Heck, Larry},
  booktitle={Proceedings of the 22nd ACM international conference on Information \& Knowledge Management},
  pages={2333--2338},
  year={2013}
}

@article{kovaleva2019revealing,
  title={Revealing the dark secrets of BERT},
  author={Kovaleva, Olga and Romanov, Alexey and Rogers, Anna and Rumshisky, Anna},
  journal={arXiv preprint arXiv:1908.08593},
  year={2019}
}

@inproceedings{yang2017anserini,
  title={Anserini: Enabling the use of lucene for information retrieval research},
  author={Yang, Peilin and Fang, Hui and Lin, Jimmy},
  booktitle={Proceedings of the 40th International ACM SIGIR Conference on Research and Development in Information Retrieval},
  pages={1253--1256},
  year={2017}
}

@article{gao2021cocondenser,
  title={Unsupervised corpus aware language model pre-training for dense passage retrieval},
  author={Gao, Luyu and Callan, Jamie},
  journal={arXiv preprint arXiv:2108.05540},
  year={2021}
}

@inproceedings{zhan2021optimizing,
  title={Optimizing dense retrieval model training with hard negatives},
  author={Zhan, Jingtao and Mao, Jiaxin and Liu, Yiqun and Guo, Jiafeng and Zhang, Min and Ma, Shaoping},
  booktitle={Proceedings of the 44th International ACM SIGIR Conference on Research and Development in Information Retrieval},
  pages={1503--1512},
  year={2021}
}

@inproceedings{ren2021rocketqav2,
  title={RocketQAv2: A Joint Training Method for Dense Passage Retrieval and Passage Re-ranking},
  author={Ren, Ruiyang and Qu, Yingqi and Liu, Jing and Zhao, Wayne Xin and She, Qiaoqiao and Wu, Hua and Wang, Haifeng and Wen, Ji-Rong},
  booktitle={Proceedings of the 2021 Conference on Empirical Methods in Natural Language Processing},
  pages={2825--2835},
  year={2021}
}

@article{nogueira2019passage,
  title={Passage Re-ranking with BERT},
  author={Nogueira, Rodrigo and Cho, Kyunghyun},
  journal={arXiv preprint arXiv:1901.04085},
  year={2019}
}

@article{ouguz2021dprpaq,
  title={Domain-matched pre-training tasks for dense retrieval},
  author={O{\u{g}}uz, Barlas and Lakhotia, Kushal and Gupta, Anchit and Lewis, Patrick and Karpukhin, Vladimir and Piktus, Aleksandra and Chen, Xilun and Riedel, Sebastian and Yih, Wen-tau and Gupta, Sonal and others},
  journal={arXiv preprint arXiv:2107.13602},
  year={2021}
}


@article{sachan2021end,
  title={End-to-end training of neural retrievers for open-domain question answering},
  author={Sachan, Devendra Singh and Patwary, Mostofa and Shoeybi, Mohammad and Kant, Neel and Ping, Wei and Hamilton, William L and Catanzaro, Bryan},
  journal={arXiv preprint arXiv:2101.00408},
  year={2021}
}


@article{yang2020retriever,
  title={Is Retriever Merely an Approximator of Reader?},
  author={Yang, Sohee and Seo, Minjoon},
  journal={arXiv preprint arXiv:2010.10999},
  year={2020}
}
@inproceedings{chen2020simple,
  title={A simple framework for contrastive learning of visual representations},
  author={Chen, Ting and Kornblith, Simon and Norouzi, Mohammad and Hinton, Geoffrey},
  booktitle={International conference on machine learning},
  pages={1597--1607},
  year={2020},
  organization={PMLR}
}


@inproceedings{Colbert2020,
  author    = {Omar Khattab and
               Matei Zaharia},
  editor    = {Jimmy Huang and
               Yi Chang and
               Xueqi Cheng and
               Jaap Kamps and
               Vanessa Murdock and
               Ji{-}Rong Wen and
               Yiqun Liu},
  title     = {ColBERT: Efficient and Effective Passage Search via Contextualized
               Late Interaction over {BERT}},
  booktitle = {Proceedings of the 43rd International {ACM} {SIGIR} conference on
               research and development in Information Retrieval, {SIGIR} 2020, Virtual
               Event, China, July 25-30, 2020},
  pages     = {39--48},
  publisher = {{ACM}},
  year      = {2020},
  url       = {https://doi.org/10.1145/3397271.3401075},
  doi       = {10.1145/3397271.3401075},
  timestamp = {Wed, 16 Sep 2020 13:34:22 +0200},
  biburl    = {https://dblp.org/rec/conf/sigir/KhattabZ20.bib},
  bibsource = {dblp computer science bibliography, https://dblp.org}
}

@inproceedings{DPR2020,
  author    = {Vladimir Karpukhin and
               Barlas Oguz and
               Sewon Min and
               Patrick S. H. Lewis and
               Ledell Wu and
               Sergey Edunov and
               Danqi Chen and
               Wen{-}tau Yih},
  title     = {Dense Passage Retrieval for Open-Domain Question Answering},
  booktitle = {EMNLP},
  year      = {2020},
}

@inproceedings{dai2019deeper,
  title={Deeper text understanding for IR with contextual neural language modeling},
  author={Dai, Zhuyun and Callan, Jamie},
  booktitle={Proceedings of the 42nd International ACM SIGIR Conference on Research and Development in Information Retrieval},
  pages={985--988},
  year={2019}
}

@article{MEBERT2020,
  title={Sparse, Dense, and Attentional Representations for Text Retrieval},
  author={Luan, Yi and Eisenstein, Jacob and Toutanova, Kristina and Collins, Michael},
  journal={Transactions of the Association for Computational Linguistics},
  volume={9},
  pages={329--345},
  year={2021},
  publisher={MIT Press}
}

@article{ance2020,
  author    = {Lee Xiong and
               Chenyan Xiong and
               Ye Li and
               Kwok{-}Fung Tang and
               Jialin Liu and
               Paul Bennett and
               Junaid Ahmed and
               Arnold Overwijk},
  title     = {Approximate Nearest Neighbor Negative Contrastive Learning for Dense
               Text Retrieval},
  journal   = {CoRR},
  volume    = {abs/2007.00808},
  year      = {2020},
}

@inproceedings{li2021more,
  title={More Robust Dense Retrieval with Contrastive Dual Learning},
  author={Li, Yizhi and Liu, Zhenghao and Xiong, Chenyan and Liu, Zhiyuan},
  booktitle={Proceedings of the 2021 ACM SIGIR International Conference on Theory of Information Retrieval},
  pages={287--296},
  year={2021}
}

@article{survey2020,
  author    = {Jimmy Lin and
               Rodrigo Nogueira and
               Andrew Yates},
  title     = {Pretrained Transformers for Text Ranking: {BERT} and Beyond},
  journal   = {CoRR},
  volume    = {abs/2010.06467},
  year      = {2020},
  url       = {https://arxiv.org/abs/2010.06467},
  archivePrefix = {arXiv},
  eprint    = {2010.06467},
  timestamp = {Tue, 20 Oct 2020 15:08:10 +0200},
  biburl    = {https://dblp.org/rec/journals/corr/abs-2010-06467.bib},
  bibsource = {dblp computer science bibliography, https://dblp.org}
}

@inproceedings{gao2021condenser,
  title={Condenser: a Pre-training Architecture for Dense Retrieval},
  author={Gao, Luyu and Callan, Jamie},
  booktitle={Proceedings of the 2021 Conference on Empirical Methods in Natural Language Processing},
  pages={981--993},
  year={2021}
}


@inproceedings{bert2019,
  title={BERT: Pre-training of Deep Bidirectional Transformers for Language Understanding},
  author={Devlin, Jacob and Chang, Ming-Wei and Lee, Kenton and Toutanova, Kristina},
  booktitle={NAACL},
  year={2019}
}
@article{roberta2019,
  author    = {Yinhan Liu and
               Myle Ott and
               Naman Goyal and
               Jingfei Du and
               Mandar Joshi and
               Danqi Chen and
               Omer Levy and
               Mike Lewis and
               Luke Zettlemoyer and
               Veselin Stoyanov},
  title     = {RoBERTa: {A} Robustly Optimized {BERT} Pretraining Approach},
  journal   = {CoRR},
  volume    = {abs/1907.11692},
  year      = {2019},
}
@inproceedings{lu-etal-2021-less,
    title = "Less is More: Pretrain a Strong {S}iamese Encoder for Dense Text Retrieval Using a Weak Decoder",
    author = "Lu, Shuqi  and
      He, Di  and
      Xiong, Chenyan  and
      Ke, Guolin  and
      Malik, Waleed  and
      Dou, Zhicheng  and
      Bennett, Paul  and
      Liu, Tie-Yan  and
      Overwijk, Arnold",
    booktitle = "EMNLP",
    year = "2021",
}

@article{msmarco2016,
  author    = {Tri Nguyen and
               Mir Rosenberg and
               Xia Song and
               Jianfeng Gao and
               Saurabh Tiwary and
               Rangan Majumder and
               Li Deng},
  title     = {{MS} {MARCO:} {A} Human Generated MAchine Reading COmprehension Dataset},
  journal   = {CoRR},
  volume    = {abs/1611.09268},
  year      = {2016},
  url       = {http://arxiv.org/abs/1611.09268},
  archivePrefix = {arXiv},
  eprint    = {1611.09268},
  timestamp = {Mon, 13 Aug 2018 16:49:03 +0200},
  biburl    = {https://dblp.org/rec/journals/corr/NguyenRSGTMD16.bib},
  bibsource = {dblp computer science bibliography, https://dblp.org}
}

@misc{trec2020,
      title={Overview of the TREC 2019 deep learning track}, 
      author={Nick Craswell and Bhaskar Mitra and Emine Yilmaz and Daniel Campos and Ellen M. Voorhees},
      year={2020},
      eprint={2003.07820},
      archivePrefix={arXiv},
      primaryClass={cs.IR}
}
@article{sentencebert,
  author    = {Nils Reimers and
               Iryna Gurevych},
  title     = {Sentence-BERT: Sentence Embeddings using Siamese BERT-Networks},
  journal   = {CoRR},
  volume    = {abs/1908.10084},
  year      = {2019},
  url       = {http://arxiv.org/abs/1908.10084},
  archivePrefix = {arXiv},
  eprint    = {1908.10084},
  timestamp = {Thu, 29 Aug 2019 16:32:34 +0200},
  biburl    = {https://dblp.org/rec/journals/corr/abs-1908-10084.bib},
  bibsource = {dblp computer science bibliography, https://dblp.org}
}